2211 3653
81 288 107 330 2

86 341 106 370 4

795 181 1040 217 LVCVLLVS
1063 185 1189 224 2‚4—6
1788 178 1841 219 67

254 294 335 336 Sed
368 308 474 347 quae
507 291 704 347 populari
737 290 874 346 gloria
907 290 1096 332 decorari
1125 291 1168 330 in
1192 289 1372 330 Lucullo
1401 289 1654 341 debuerunt,
1684 302 1731 329 ea
1757 286 1844 328 fere

135 369 233 407 sunt
266 367 308 406 et
340 363 512 406 Graecis
544 363 699 404 litteris
733 361 943 403 celebrata
977 364 1018 402 et
1050 360 1227 402 Latinis.
1281 375 1357 400 nos
1390 363 1531 401 autem
1565 358 1638 399 illa
1671 360 1845 399 externa

134 451 229 478 cum
263 435 429 488 multis,
467 435 570 475 haec
608 433 813 474 interiora
851 446 947 473 cum
984 432 1130 484 paucis
1169 446 1221 472 ex
1260 432 1354 486 ipso
1394 445 1518 485 saepe
1554 429 1844 485 cognouimus.

134 507 294 548 maiore
327 507 440 547 enim
475 505 615 546 studio
648 503 852 545 Lucullus
885 517 979 543 cum
1009 503 1125 544 omni
1152 504 1391 544 litterarum
1418 501 1561 557 generi
1588 504 1679 541 tum
1707 499 1846 554 philo-

135 578 311 632 sophiae
344 577 510 618 deditus
549 576 632 616 fuit
669 590 796 629 quam
837 574 909 628 qui
949 574 1069 614 illum
1102 574 1360 629 ignorabant
1399 572 1735 624 arbitrabantur,
1769 585 1846 612 nec
1884 587 1899 613 5

134 664 237 690 uero
270 648 443 689 ineunte
476 650 613 688 aetate
646 646 783 688 solum
817 645 889 686 sed
922 648 964 685 et
997 659 1075 698 pro
1109 646 1332 698 quaestore
1366 644 1530 697 aliquot
1562 657 1695 684 annos
1729 644 1771 683 et
1802 641 1845 682 in

135 721 228 774 ipso
268 719 400 769 bello,
439 719 482 759 in
521 732 606 772 quo
646 717 705 758 ita
743 731 897 771 magna
934 716 994 756 rci
1027 715 1225 756 militaris
1265 729 1354 756 esse
1394 715 1617 767 occupatio
1657 713 1764 754 solet
1799 715 1846 753 ut

136 805 221 832 non
241 791 426 831 multum
445 789 694 843 imperatori
720 788 798 829 sub
827 787 929 841 ipsis
957 786 1140 840 pellibus
1168 786 1245 827 otii
1270 786 1547 839 relinquatur.
1588 800 1683 826 cum
1705 786 1846 824 autem

135 877 156 902 e
176 860 446 916 philosophis
469 860 639 915 ingenio
668 858 930 912 scientiaque
957 860 1180 912 putaretur
1199 856 1439 898 Antiochus
1461 855 1655 897 Philonis
1678 854 1849 895 auditor

136 931 361 985 excellere,
394 946 490 972 011111
523 945 665 972 secum
698 932 741 971 et
774 931 973 983 quaestor
997 928 1149 969 habuit
1176 930 1217 969 et
1243 930 1341 982 post
1368 927 1533 981 aliquot
1559 940 1691 967 annos
1718 926 1847 979 impe-
1867 944 1901 968 ιο

135 1006 270 1057 rator,
310 1003 470 1057 quique
510 1004 620 1044 esset
659 1015 707 1042 ea
738 1001 942 1042 memoria
974 1015 1101 1053 quam
1135 1003 1232 1041 ante
1271 998 1357 1039 dixi
1398 1013 1445 1039 ea
1478 1012 1603 1052 saepe
1639 997 1846 1039 audiendo

134 1074 259 1116 facile
292 1074 497 1129 cognouit
529 1088 636 1127 quae
669 1072 738 1113 uel
771 1071 900 1113 semel
932 1071 1077 1112 audita
1109 1070 1353 1112 meminisse
1385 1070 1607 1124 potuisset.
1672 1069 1847 1110 delecta-

135 1147 261 1187 batur
292 1148 435 1187 autem
467 1145 646 1185 mirifice
677 1143 860 1185 lectione
892 1143 1100 1184 librorum
1135 1142 1184 1183 de
1218 1141 1374 1196 quibus
1406 1141 1618 1182 audiebat.

256 1216 320 1258 Ac
346 1230 496 1258 uereor
519 1215 732 1257 interdum
754 1229 806 1255 ne
832 1214 983 1255 talium
1010 1228 1286 1268 personarum
1314 1227 1410 1254 cum
1437 1212 1699 1266 amplificare
1719 1211 1848 1251 uelim

136 1288 326 1329 minuam
365 1288 492 1330 etiam
531 1288 724 1342 gloriam.
789 1289 889 1327 sunt
921 1286 1033 1326 enim
1071 1284 1199 1326 multi
1232 1285 1306 1338 qui
1339 1284 1513 1325 omnino
1548 1282 1727 1323 Graecas
1762 1297 1849 1324 non
1869 1300 1902 1326 15

137 1362 280 1401 ament
304 1360 484 1412 litteras,
511 1359 654 1413 plures
681 1359 754 1412 qui
781 1356 1112 1412 philosophiam,
1141 1355 1296 1409 reliqui
1324 1354 1395 1409 qui
1423 1355 1551 1395 etiam
1572 1354 1607 1394 si
1633 1354 1739 1395 haec
1763 1368 1850 1394 non

137 1431 367 1486 inprobent
406 1433 551 1471 tamen
594 1445 737 1471 earum
783 1444 923 1470 rerum
970 1428 1304 1481 disputationem
1350 1426 1616 1480 principibus
1662 1425 1849 1466 ciuitatis

136 1503 303 1543 nonita
324 1502 521 1543 decoram
542 1504 706 1556 putent.
751 1501 845 1555 Ego
872 1503 1014 1540 autem
1042 1514 1139 1540 cum
1167 1497 1346 1540 Graecas
1373 1497 1539 1538 litteras
1565 1496 1622 1538 M.
1646 1495 1850 1538 Catonem

137 1574 182 1614 in
208 1576 423 1615 senectute
444 1573 643 1615 didicisse
664 1572 915 1625 acceperim,
941 1570 985 1612 P.
1014 1573 1155 1611 autem
1177 1569 1370 1611 Africani
1396 1568 1599 1610 historiae
1619 1568 1852 1622 loquantur

138 1646 181 1686 in
212 1644 428 1700 legatione
460 1644 534 1685 illa
565 1644 719 1697 nobili,
752 1658 879 1697 quam
915 1645 1012 1683 ante
1039 1656 1260 1683 censuram
1288 1640 1413 1695 obiit,
1439 1639 1692 1681 Panaetium
1718 1653 1849 1680 unum
1871 1657 1904 1682 20

138 1716 311 1758 omnino
347 1715 546 1757 comitem
578 1715 728 1768 fuisse,
766 1728 843 1755 nec
877 1715 1117 1755 litterarum
1153 1711 1408 1753 Graecarum
1442 1725 1519 1752 nec
1552 1710 1851 1765 philosophiae

139 1789 222 1829 iam
255 1787 391 1829 ullum
425 1789 642 1828 auctorem
674 1786 856 1839 requiro,
919 1784 1070 1826 Restat
1102 1787 1150 1824 ut
1182 1784 1233 1825 iis
1265 1783 1564 1837 respondeam,
1597 1782 1670 1836 qui
1697 1796 1852 1823 sermo-

137 1859 263 1901 nibus
302 1859 391 1900 eius
430 1858 546 1899 modi
587 1857 728 1898 nolint
768 1871 969 1911 personas
1011 1859 1097 1897 tam
1140 1869 1290 1911 graues
1334 1854 1516 1910 inligari.
1589 1853 1709 1907 quasi
1749 1867 1850 1893 uero

139 1931 351 1972 clarorum
384 1930 575 1971 uirorum
608 1932 682 1970 3111
712 1929 867 1970 tacitos
900 1942 1152 1982 congressus
1192 1941 1281 1968 esse
1321 1928 1518 1980 oporteat
1556 1928 1630 1966 aut
1666 1924 1851 1965 ludicros

140 2016 353 2043 sermones
386 2004 460 2042 aut
491 2016 633 2042 rerum
665 2000 894 2054 conloquia
924 1999 1147 2040 leuiorum.
1199 1998 1356 2039 etenim
1390 1998 1425 2038 si
1457 1997 1642 2050 quodam
1670 1996 1713 2036 in
1740 1995 1850 2036 libro
1872 2013 1904 2038 25

138 2088 239 2114 uere
271 2075 335 2114 est
368 2088 391 2113 a
422 2072 545 2113 nobis
577 2071 852 2126 philosophia
883 2071 1072 2123 laudata,
1105 2070 1296 2124 profecto
1331 2069 1421 2109 eius
1454 2067 1652 2109 tractatio
1687 2067 1850 2121 optimo

262 2218 278 2248 1
312 2213 484 2258 popolan
513 2224 560 2256 pr
580 2213 614 2247 A
647 2211 816 2256 poculari
844 2223 893 2256 po·
919 2212 954 2245 Β
1125 2210 1298 2244 decorare
1329 2221 1375 2254 pr
1401 2209 1435 2243 V
1583 2213 1603 2241 4
1630 2208 1758 2253 generi
1781 2208 1853 2242 dett

149 2262 222 2297 Ven
250 2271 384 2306 genere
406 2261 518 2295 AVB
674 2264 694 2294 6
728 2272 745 2295 7
774 2260 807 2293 h.
829 2270 854 2293 c.
881 2260 918 2293 et
943 2259 1018 2293 add
1038 2259 1074 2293 Β
1244 2256 1482 2302 proquestore
1511 2257 1544 2291 V
1708 2255 1853 2309 aliquot

140 2345 185 2368 eoe
210 2332 331 2376 qud
358 2332 404 2376 V,
431 2343 476 2367 eoe
500 2331 631 2375 mquod
655 2331 691 2365 Β
718 2330 821 2374 ahqd
841 2330 877 2364 A
1049 2333 1090 2363 11
1119 2340 1221 2372 quiq3
1247 2329 1318 2364 rad
1342 2339 1422 2363 com·
1448 2339 1545 2371 cu1q3
1572 2328 1607 2362 Β
1638 2312 1797 2371 quidque
1824 2326 1856 2359 V

142 2391 317 2424 cumque,
343 2391 427 2414 cum
452 2380 494 2414 ifn
518 2390 580 2414 ras
608 2381 743 2423 (spatio
770 2378 941 2413 conuenit
966 2380 1068 2421 quic)
1094 2377 1130 2412 A
1156 2388 1281 2421 quoiq:
1303 2377 1343 2411 F
1486 2376 1558 2409 esse
1579 2374 1679 2420 prA
1699 2377 1740 2408 e-e,
1754 2386 1803 2419 pr
1824 2375 1859 2409 V

142 2440 194 2475 e&
219 2451 299 2475 corr
325 2444 388 2474 ee*
411 2440 447 2473 Β
593 2449 636 2472 03
661 2449 840 2472 memoma
865 2448 946 2472 corr
972 2441 1015 2470 ea
1043 2441 1094 2470 <va
1122 2437 1157 2471 Β
1303 2447 1376 2479 qua
1403 2436 1592 2470 Bentleius
1620 2435 1677 2478 (cf
1690 2434 1784 2468 idem
1804 2433 1853 2467 ad

140 2488 273 2522 Horat.
294 2498 395 2522 serm.
416 2500 429 2520 1
450 2489 529 2529 6‚15
551 2486 775 2531 Maduiyius
795 2486 836 2519 (le
855 2487 917 2528 fin.
933 2497 946 2518 1
960 2487 1039 2527 829
1064 2484 1108 2519 R.
1130 2485 1170 2518 F
1168 2488 1344 2518 oet-sterus
1369 2494 1456 2518 01111,
1474 2483 1600 2527 philol.
1618 2483 1735 2526 suppl.
1752 2493 1853 2515 xxvu

143 2538 226 2579 178)
254 2536 326 2570 tbm
346 2535 586 2579 probabiliter
610 2545 685 2568 11011
710 2537 751 2568 ut
775 2537 909 2567 eertum
935 2534 983 2567 sit
1128 2542 1171 2566 ea
1196 2543 1276 2566 corr
1302 2535 1346 2564 ea
1373 2532 1408 2565 Β
1567 2534 1607 2563 12
1635 2527 1852 2572 memlnlss&

142 2584 178 2618 B
304 2582 464 2627 potuisse
487 2594 534 2626 pr
555 2583 589 2616 A
720 2585 762 2614 13
790 2580 962 2614 audierat
987 2581 1021 2615 ci
1039 2580 1221 2614 Ernestus
1351 2582 1393 2612 14
1420 2580 1459 2611 at
1484 2577 1693 2613 Duo-andus
1717 2578 1792 2617 bm;
1818 2577 1861 2619 cf

142 2655 250 2689 Brut.
272 2656 398 2697 49‚181
421 2654 503 2688 thes.
526 2653 546 2687 l.
570 2652 613 2686 L.
635 2665 662 2685 11
685 2655 775 2685 1077
922 2637 1127 2685 uellmmua
1155 2651 1189 2685 V
1331 2654 1372 2683 15
1394 2649 1532 2693 gloria,
1553 2660 1577 2693 g
1597 2660 1613 2682 0
1632 2660 1712 2682 001)-
1732 2652 1764 2682 et
1783 2647 1853 2681 lori

142 2703 182 2735 in
209 2713 269 2736 ras
294 2702 327 2743 ft
347 2712 396 2745 pr
416 2702 452 2735 Β
600 2704 641 2734 16
663 2699 791 2743 pluras
807 2711 857 2743 po·
878 2699 911 2732 V
1054 2710 1117 2741 qul
1138 2698 1214 2732 add
1236 2699 1290 2740 A,
1316 2709 1369 2731 ow
1395 2698 1467 2732 dect
1487 2698 1669 2732 Erfnestus
1687 2707 1707 2730 r
1728 2695 1852 2733 (iidem

142 2762 176 2784 vec.
195 2752 237 2783 18
257 2750 408 2792 putant)
418 2762 431 2791 ,·
457 2748 574 2791 aliqui
594 2747 659 2791 qui
679 2747 870 2781 Bentleius
889 2747 1110 2780 adsenciente
1130 2746 1305 2780 Dauisz'O‘
1319 2746 1398 2789 (qui
1421 2746 1454 2778 ci
1476 2745 1584 2779 etiam
1605 2743 1853 2786 reliquique),-

142 2798 184 2839 εἴ
198 2809 236 2841 p.
259 2800 363 2839 83‚14
499 2798 541 2829 18
563 2795 733 2829 decorem
749 2806 798 2838 pr
818 2795 854 2828 B
988 2797 1032 2827 20
1052 2793 1200 2837 legione
1222 2793 1262 2835 V,
1277 2804 1326 2837 pr
1345 2794 1381 2827 A
1513 2802 1534 2825 a
1555 2801 1709 2825 censura
1730 2790 1851 2824 Dueb-

142 2855 251 2878 asterus
276 2844 317 2877 in
345 2844 516 2878 Muellerz·
540 2843 610 2888 fry.
635 2843 716 2877 hist.
740 2842 866 2876 Gracc.
888 2854 915 2874 11
935 2853 974 2885 J).
996 2854 1042 2874 xx
1069 2851 1088 2874 0
1109 2852 1137 2874 0.
1166 2840 1240 2874 Ed.
1267 2841 1508 2875 Schwartzlus
1534 2839 1730 2874 coniectan.
1759 2837 1851 2879 (incl.

143 2893 217 2926 lect.
239 2891 404 2926 Rostoch.
429 2893 535 2934 1889)
557 2894 588 2923 4.
628 2890 725 2932 cf'de
744 2900 782 2923 re
796 2901 833 2933 p.
850 2901 885 2922 v1
908 2893 948 2922 11
972 2900 1055 2922 cum
1077 2889 1203 2922 autem
1225 2915 1231 2921 .
1249 2916 1254 2921 .
1273 2916 1278 2920 .
1301 2897 1503 2930 censorque
1524 2885 1638 2920 fueris
1659 2887 1696 2919 01
1716 2884 1852 2918 obieris

143 2938 290 2984 legatus
317 2938 531 2982 Aegyptum
558 2937 704 2981 Syriam
729 2936 858 2970 Asiam
885 2935 1093 2978 Graeciam,
1117 2935 1281 2979 deligere
1313 2935 1449 2968 iterum
1482 2933 1630 2975 00118111,-
1660 2932 1779 2966 Illaroe
1803 2931 1853 2966 ad

144 3010 263 3044 Lucil.
285 3012 354 3042 464
376 3021 414 3053 p.
439 3012 504 3041 172
651 3008 802 3042 censura
818 2984 949 3053 *oglatne
976 3008 1112 3048 tuum,
1139 3006 1272 3040 lineola
1298 3006 1390 3047 add,
1422 3006 1488 3040 uid
1514 3006 1651 3038 &tuum
1679 3004 1791 3046 fuisse
1817 3004 1853 3037 A

264 3060 306 3090 21
335 3057 538 3099 quomitem
556 3067 604 3099 pr
624 3057 660 3090 Β
681 3057 832 3097 comite,
853 3065 933 3089 com
953 3055 994 3087 in
1013 3065 1075 3088 ras
1095 3057 1266 3098 01190810,
1286 3054 1427 3096 reliqua
1445 3052 1510 3087 red
1529 3055 1571 3086 ut
1588 3052 1656 3085 uid
1675 3052 1711 3086 A

145 3114 190 3138 ne
216 3103 297 3148 pha»
318 3115 367 3148 pr
387 3103 465 3138 AV
613 3107 656 3136 ‘24
682 3103 819 3136 tacitas
836 3115 885 3147 pr
912 3102 945 3135 V
1089 3100 1300 3144 congressos
1322 3101 1374 3143 A,
1403 3101 1495 3134 inter
1520 3099 1747 3134 scribendum
1773 3109 1855 3133 corr

146 3151 218 3185 mus
242 3152 276 3185 Β
423 3154 465 3183 26
492 3150 682 3192 laudatam
712 3150 751 3183 V.
798 3149 1035 3185 Hortensium
1060 3149 1243 3193 sz'ym'sicat

1524 3206 1566 3220 ’τίς

1521 3218 1560 3239 O‘
