2211 3653
16 963 60 994 18

93 206 271 242 Lucullus
726 202 969 237 LVCVLLVS
996 206 1171 245 Qvi—18
1747 202 1800 242 75

91 314 337 368 prehensio,
358 327 484 367 quam
505 312 782 365 κατάλημψιν
808 311 872 352 illi
892 313 1065 365 uocant3
1092 324 1248 364 eosque
1276 312 1349 363 qui
1369 310 1622 364 persuadere
1642 309 1803 351 uellent

88 399 180 426 esse
207 384 370 438 aliquid
396 382 509 437 quod
538 382 825 436 conprehendi
851 384 893 423 et
918 381 1082 436 percipi
1108 384 1252 435 posset
1278 381 1506 422 inscienter
1531 382 1669 423 facere
1695 381 1801 422 dice-

91 455 211 505 bant,
244 457 467 509 propterea
502 453 615 507 quod
647 452 755 493 nihil
788 456 899 494 esset
931 453 1088 494 clarius
1121 450 1326 508 ἐναργείᾳ
1356 476 1405 480 ——-
1438 455 1485 492 ut
1512 450 1678 504 Graeci,
1710 466 1802 505 per-

89 526 363 580 spicuitatem
397 527 469 566 aut
502 523 759 565 euidentiam
797 537 876 565 nos
915 523 950 564 si
983 524 1124 577 placet
1159 523 1425 564 nominemus
1458 523 1802 576 fabricemurque

90 599 126 638 si
160 611 269 652 opus
302 595 381 637 erit
414 595 565 651 uerba,
600 609 653 636 ne
691 594 762 637 hio
795 594 904 635 sibi»
938 593 1023 650 (me
1056 593 1300 647 appellabat
1332 591 1497 648 iocans)
1531 592 1642 634 «hoc
1673 593 1800 635 licere

91 669 172 710 soli
213 669 335 722 putet
378 691 433 695 ——
477 666 549 707 sed
590 668 733 707 tamen
776 664 1013 706 orationem
1054 664 1217 705 nullam
1258 664 1469 718 putabant
1509 664 1800 706 inlustriorem

89 741 182 793 ipsa
220 737 434 780 euidentia
471 736 646 791 reperiri
691 750 832 790 posse,
872 750 952 777 nec
995 750 1043 776 ea
1088 750 1194 789 quae
1233 739 1319 776 tam
1360 735 1472 776 clara
1516 738 1656 776 essent
1701 736 1800 776 defi-

87 809 243 850 nienda
281 808 520 850 censebant.
584 807 657 849 alii
690 810 831 859 autem
863 806 1081 862 negabant
1119 820 1161 847 se
1200 821 1276 861 pro
1315 806 1395 848 hac
1434 806 1649 847 euidentia
1686 806 1800 860 quic-

89 895 216 935 quam
247 881 413 934 priores
444 879 576 920 fuisse
610 878 817 933 dicturos,
851 877 923 919 sed
956 878 1008 918 ad
1041 892 1089 919 ea
1122 892 1229 931 quae
1263 880 1411 919 contra
1444 877 1685 918 dicerentur
1718 877 1800 919 dici

89 954 285 1007 oportere
318 951 544 1005 putabant,
577 965 628 991 ne
662 950 736 1004 qui
761 949 1023 990 fallerentur.
1073 948 1266 1003 plerique
1292 951 1436 989 tamen
1463 951 1504 988 et
1530 948 1799 990 definitiones

88 1022 278 1077 ipsarum
318 1023 446 1063 etiam
486 1020 747 1062 euidentium
791 1035 933 1062 rerum
975 1035 1063 1061 non
1102 1019 1357 1074 inprobant:
1396 1022 1438 1060 et
1475 1033 1564 1060 rem
1603 1019 1800 1060 idoneam

89 1093 138 1135 de
177 1108 260 1147 qua
300 1096 529 1148 quaeratur
566 1095 608 1133 et
644 1091 840 1133 homines
880 1091 1032 1146 dignos
1072 1091 1327 1145 quibuscum
1367 1090 1599 1132 disseratur
1636 1094 1799 1145 putant.

87 1164 213 1206 Philo
247 1167 388 1206 autem
423 1164 524 1205 dum
556 1178 668 1204 noua
701 1163 907 1218 quaedam
941 1165 1201 1215 commouet,
1244 1162 1358 1216 quod
1397 1177 1445 1203 ea
1484 1161 1694 1203 sustinere
1727 1162 1800 1203 uix

86 1238 256 1291 poterat
290 1250 396 1290 quae
429 1238 579 1277 contra
604 1233 958 1276 Academicorum
984 1233 1265 1288 pertinaciam
1295 1233 1561 1286 dicebantur,
1589 1236 1630 1274 et
1656 1236 1800 1288 aperte

87 1308 293 1348 mentitur
325 1309 373 1348 ut
405 1309 468 1348 est
500 1306 782 1360 reprehensus
815 1319 839 1345 a
870 1306 990 1359 patre
1024 1304 1194 1359 Catulo,
1228 1306 1269 1345 et
1301 1306 1350 1345 ut
1383 1304 1529 1346 docuit
1557 1303 1800 1346 Antiochus

86 1379 131 1419 in
170 1378 212 1419 id
249 1378 390 1432 ipsum
430 1392 472 1418 se
505 1377 646 1419 induit
682 1376 797 1430 quod
835 1376 1026 1418 timebat.
1089 1391 1185 1417 cum
1224 1377 1335 1417 enim
1375 1375 1436 1416 ita
1473 1378 1649 1431 negaret
1686 1377 1801 1431 quic-

87 1465 216 1504 quam
255 1464 344 1491 esse
384 1449 497 1504 quod
531 1447 817 1503 conprehendi
852 1451 998 1502 posset
1037 1446 1099 1504 (id
1132 1448 1245 1489 enim
1276 1447 1477 1488 uolumus
1516 1462 1606 1489 esse
1645 1447 1800 1489 ἀκατά-

84 1519 320 1577 λημπτον),
354 1521 390 1562 si
422 1520 530 1561 illud
562 1522 690 1574 esset,
723 1520 834 1561 sicut
866 1519 980 1561 Zeno
1014 1518 1228 1572 definiret⁷
1263 1519 1346 1560 tale
1379 1519 1520 1561 uisum
1548 1518 1653 1574 (iam
1687 1518 1800 1560 enim

84 1592 167 1634 hoc
193 1606 270 1646 pro
298 1592 519 1647 φαντασίᾳ
544 1591 723 1633 uerbum
752 1592 854 1632 satis
880 1591 1080 1632 hesterno
1108 1605 1302 1632 sermone
1330 1589 1547 1646 triuimus)
1574 1616 1633 1620 —
1658 1591 1799 1632 uisum

747 1720 1056 1755 ACADEMICVS
1083 1720 1133 1754 ΙΠ

204 1797 225 1826 4
261 1792 518 1837 Quintilianus
543 1794 626 1828 inst.
655 1804 704 1827 or.
727 1805 763 1826 v1
790 1795 868 1835 232
903 1791 1114 1836 insequitur
1147 1791 1336 1836 ἐνάργεια,
1370 1803 1465 1837 quae
1495 1803 1516 1826 a
1544 1791 1717 1826 Cicerone
1744 1792 1800 1826 in-

84 1840 258 1875 lustratio
285 1841 322 1874 et
349 1840 541 1875 euidentia
566 1840 789 1874 nominatur.
841 1840 883 1883 cf
902 1841 1099 1875 Krischius
1121 1851 1158 1883 p.
1182 1843 1248 1873 185
1270 1842 1367 1884 (59),
1388 1840 1430 1874 de
1450 1840 1707 1874 inlustratione
1727 1851 1763 1874 u.
1780 1843 1799 1873 6

81 1892 179 1932 part.
201 1900 250 1922 or.
274 1891 353 1930 6‚20
501 1891 543 1922 16
555 1899 590 1923 ss
616 1889 850 1933 Ausyzistimis
875 1899 902 1922 c.
925 1888 1040 1922 Acad.
1062 1901 1089 1921 11
1111 1892 1188 1929 5,ss
1221 1887 1285 1921 sed
1311 1899 1441 1921 uerum
1466 1898 1541 1921 non
1566 1898 1674 1931 posse
1702 1898 1798 1921 com-

84 1935 266 1981 prehendi
299 1947 342 1969 ex
374 1935 441 1969 illa
474 1935 590 1970 Stoici
621 1935 778 1969 Zenonis
811 1935 1028 1970 definitione
1062 1935 1263 1980 arripuisse
1296 1935 1540 1978 uidebantur,
1576 1935 1640 1979 qui
1675 1935 1729 1969 ait
1760 1934 1800 1968 id

84 1995 214 2017 uerum
239 1983 384 2027 percipi
410 1994 518 2028 posse
546 1983 646 2027 quod
672 1983 727 2017 ita
753 1984 850 2018 esset
878 1983 1002 2017 animo
1029 1983 1251 2027 impressum
1278 1993 1321 2016 ex
1348 1993 1389 2017 eo
1416 1983 1515 2017 unde
1542 1984 1639 2017 esset
1657 1984 1700 2016 ut
1720 1993 1799 2017 esse

83 2042 158 2065 non
183 2032 309 2075 posset
336 2042 379 2064 ex
406 2042 447 2065 eo
474 2031 572 2065 unde
599 2042 672 2065 non
700 2032 796 2065 esset

205 2190 222 2220 1
250 2170 702 2230 qu{**eata1em12s1n*31h
729 2198 773 2220 eae
799 2185 1218 2230 quaquatalempsimilh
1241 2187 1275 2220 B
1284 2200 1296 2228 ;
1324 2184 1567 2229 catalempsin
1587 2186 1694 2220 etiam
1714 2185 1798 2226 AV,

81 2258 124 2300 cf
140 2268 178 2302 2).
201 2261 280 2299 54‚8
449 2260 468 2290 ‘2
495 2256 648 2300 ahquod
676 2258 710 2291 A
738 2256 841 2300 ahqd
876 2258 960 2299 VB,
985 2268 1063 2291 clim
1091 2269 1153 2292 ras
1179 2268 1260 2292 corr
1285 2241 1367 2301 <eqd
1393 2257 1432 2291 F
1618 2259 1637 2289 3
1665 2255 1803 2290 clarius

84 2305 234 2348 l'energe
261 2306 326 2338 aut
347 2315 395 2348 pr
414 2304 544 2347 AVB,
571 2316 652 2339 corr
678 2306 845 2349 mgeamt
871 2306 907 2339 A
940 2306 1119 2350 &geva-ut
1139 2306 1186 2348 B,
1211 2305 1379 2340 similiter
1412 2304 1452 2346 V,
1478 2304 1539 2338 sed
1565 2305 1605 2338 iii
1631 2305 1695 2338 hoc
1720 2314 1798 2338 cor-

85 2353 253 2387 rectionis
277 2353 385 2398 siyna
411 2363 514 2387 erasa
528 2366 539 2393 ‚·
566 2352 736 2397 enarigia
759 2353 831 2387 Ven
851 2365 878 2386 11
1043 2356 1063 2386 4
1090 2353 1372 2397 euindenvtiam
1404 2352 1440 2386 B
1593 2356 1612 2386 5
1648 2362 1694 2385 ne
1727 2353 1800 2386 dett

83 2400 174 2435 Rom
210 2399 285 2434 Ven
316 2410 383 2433 nec
416 2400 528 2434 AVB
699 2404 717 2433 6
750 2402 858 2444 putet
890 2399 960 2434 soli
993 2400 1087 2435 Rom
1119 2412 1174 2435 mr
1342 2399 1525 2433 rationem
1559 2399 1799 2434 Dumesnilus

85 2458 166 2481 nou.
193 2459 280 2481 (cun.
309 2459 376 2481 cxv
405 2450 493 2490 760;
524 2447 610 2482 uide
636 2460 674 2492 1).
697 2451 801 2488 89,13
833 2448 876 2482 de
906 2459 944 2481 ‘re
970 2460 1008 2492 p.
1030 2461 1043 2481 1
1071 2451 1174 2489 2438
1373 2451 1390 2480 7
1423 2457 1586 2491 reperire
1619 2448 1654 2481 A

1434 2503 1453 2519 V

82 2534 103 2564 8
136 2530 352 2573 censebant,
385 2541 403 2564 0
435 2531 476 2564 in
507 2541 570 2565 *ras
598 2542 645 2575 pr
676 2543 719 2565 θα·
746 2531 780 2565 01
805 2531 863 2565 uel
889 2530 913 2564 d
938 2534 980 2565 ut
1004 2531 1089 2573 uid,
1121 2531 1143 2564 b
1174 2542 1218 2565 ea:
1243 2543 1260 2564 r
1286 2531 1319 2563 Γ
1355 2531 1548 2574 emiserant
1580 2530 1654 2564 AB

83 2602 270 2647 negebant
295 2614 345 2647 pr
371 2602 406 2635 B
581 2579 930 2647 prolace-uidentia,
956 2601 980 2634 h
1000 2602 1076 2636 add
1089 2614 1156 2646 pr,
1182 2614 1206 2646 p
1232 2614 1312 2637 eum
1331 2613 1394 2637 ras
1413 2613 1456 2636 ex
1482 2601 1504 2635 b
1526 2602 1562 2635 B
1708 2605 1726 2634 9
1749 2600 1797 2634 ad

82 2660 140 2684 om
167 2650 201 2684 V
341 2649 588 2695 dicerenturff,
617 2662 634 2683 r
659 2653 816 2684 extrema
842 2650 906 2683 red
931 2650 1061 2693 opinor
1087 2650 1122 2684 A
1270 2653 1313 2683 10
1335 2648 1732 2693 *Nequissfallerent**,
1753 2658 1796 2682 Ne

85 2698 124 2730 in
149 2708 212 2732 ras
237 2712 270 2731 ιι·
295 2698 353 2731 litt
379 2696 418 2742 [p
444 2701 485 2731 ut
509 2698 591 2743 uid]
619 2697 637 2730 f
661 2698 836 2732 incertum
862 2708 906 2731 em
931 2696 948 2729 s
969 2708 1050 2732 corr
1082 2709 1132 2731 an
1157 2696 1221 2732 red
1247 2697 1321 2743 [ur]
1350 2698 1385 2732 A
1413 2695 1757 2740 Nequasserentur,
1783 2707 1796 2729 1

82 2745 145 2779 red
173 2744 254 2786 uid,
280 2744 298 2778 f
320 2755 363 2778 ex
388 2744 406 2776 s
430 2745 464 2779 V
617 2749 657 2779 11
687 2745 881 2778 euidentifi
906 2755 987 2779 corr
1013 2746 1114 2787 atla,
1140 2745 1201 2779 sed
1227 2745 1321 2779 illud
1346 2745 1550 2780 restitutum
1577 2743 1739 2778 ‘radendo
1768 2744 1803 2778 V

204 2796 246 2825 15
280 2791 403 2825 Catuli
430 2803 473 2826 eae
500 2792 667 2836 ‘antiquo
694 2792 800 2827 libro'
830 2792 1047 2834 Manutius,
1074 2797 1106 2827 et
1131 2794 1218 2827 solet
1242 2803 1329 2827 sane
1356 2791 1507 2826 Catulus
1533 2793 1640 2835 pater
1668 2791 1795 2833 dicere,

82 2851 165 2873 *nam
188 2851 227 2882 p.
250 2842 305 2880 &9
332 2850 434 2873 snam
464 2841 640 2874 ¹rationem
665 2840 770 2874 habet
929 2843 969 2873 17
999 2840 1264 2884 aca*ta]‹‘3pton
1284 2841 1320 2874 A
1347 2838 1622 2882 acataiempton
1651 2839 1717 2872 VB
1744 2839 1805 2881 (cf

82 2898 117 2920 u.
135 2889 170 2929 1)
198 2884 434 2930 καταληπτόν
460 2887 535 2921 Alc]
566 2888 753 2922 Turnebus
779 2887 920 2922 adnm-s.
942 2899 993 2920 v11
1017 2892 1033 2920 1
1059 2888 1089 2921 b.
1128 2887 1255 2921 scribit
1273 2888 1380 2931 quasi
1403 2887 1564 2930 posuerit
1589 2886 1714 2919 omnia
1740 2885 1795 2918 in-

81 2933 433 2978 comprehensibilia
459 2944 556 2976 esse,
581 2935 655 2977 fere
680 2938 721 2969 ut
746 2933 788 2968 de
813 2939 889 2969 mit.
917 2935 950 2968 d.
972 2947 1013 2968 111
1036 2937 1139 2978 39‚92
1172 2934 1268 2968 nihil
1301 2946 1378 2967 esse
1406 2933 1507 2977 quod
1532 2933 1622 2966 deus
1650 2932 1795 2967 efficere

82 2992 156 3014 non
189 2980 324 3025 possit,
358 2983 394 3015 et
426 2981 578 3024 quidem
611 2981 689 3015 sine
720 2980 848 3015 labore
880 2980 957 3015 ullo
989 2983 1095 3026 quasi
1126 2982 1309 3026 scripserit
1345 2981 1468 3015 omnia
1504 2981 1615 3015 deum
1650 2980 1794 3014 efficere

81 3039 208 3072 posse,
240 3029 298 3062 uel
329 3033 370 3063 zat
402 3028 444 3062 de
476 3040 513 3063 re
537 3040 572 3072 2).
594 3041 621 3062 11
640 3032 696 3071 4‚9
729 3028 825 3062 nulli
857 3030 963 3063 erant
994 3031 1106 3063 antea
1137 3028 1329 3063 maritumi
1361 3030 1510 3072 praeter
1544 3027 1719 3062 Etruscos
1757 3030 1795 3062 et

81 3074 241 3119 Poenos,
274 3075 382 3110 alteri
414 3076 603 3109 mercandi
636 3087 749 3110 causa
779 3075 1032 3110 latrocinandi
1058 3076 1166 3110 alteri
1191 3077 1278 3111 haec
1303 3081 1461 3110 eoetrema
1490 3086 1564 3110 non
1589 3081 1797 3121 commum

84 3134 163 3157 cum
191 3124 380 3168 pri-'ombus
411 3123 485 3157 nisi
515 3124 567 3158 sic
598 3123 671 3166 fere
703 3124 939 3166 conformatis
971 3123 1040 3158 soli
1072 3124 1264 3158 maritumi
1296 3125 1402 3157 erant
1433 3123 1582 3157 Etrusci
1617 3125 1653 3157 et
1679 3123 1794 3157 Poeni

203 3174 244 3204 19
273 3170 430 3204 fantasla
457 3171 569 3205 AVB
715 3171 823 3216 Dzffoy
846 3171 968 3206 Laert.
989 3184 1039 3204 vn
1061 3175 1104 3205 50
1132 3171 1189 3214 (cf
1204 3174 1264 3208 46)
1293 3177 1434 3206 νοεῖται
1460 3171 1499 3205 δὲ
1519 3171 1541 3215 ἡ
1563 3169 1752 3214 φαντασία
1771 3171 1793 3215 ἡ

1823 965 1854 990 10

1823 1324 1854 1349 15
