2211 3653
377 193 459 234 126
937 191 1184 226 chvLLvs
1212 195 1517 235 32,103—33‚105
1957 192 2079 227 eicco-0

374 316 510 343 errare
543 315 613 341 eos
646 300 719 354 qui
751 299 895 341 dicant
927 301 979 340 ab
1012 298 1241 341 Academia
1274 314 1421 341 sensus
1454 299 1573 354 eripi,
1604 315 1628 341 a
1660 300 1813 354 quibus
1845 314 2078 354 numquam

373 372 533 414 dictum
571 371 626 412 sit
665 373 738 412 aut
777 371 963 412 colorem
1006 373 1080 411 aut
1112 384 1305 424 saporem
1338 372 1412 411 aut
1444 385 1594 412 sonum
1626 371 1791 412 nullum
1825 385 1932 425 esse,
1971 370 2078 411 illud

373 444 428 484 sit
461 443 736 497 disputatum,
768 456 853 483 non
887 441 1022 483 inesse
1055 441 1098 482 in
1123 441 1176 482 iis
1203 441 1419 496 propriam
1452 455 1558 495 quae
1590 456 1801 496 nusquam
1834 441 1937 482 alibi
1968 444 2078 483 esset

372 513 461 555 ueri
490 516 531 555 et
558 513 662 555 certi
687 515 845 554 notam.
908 526 1014 566 quae
1050 526 1144 553 cum
1178 511 1455 567 exposuisset,
1487 511 1681 568 adiungit
1713 512 1940 567 dupliciter
1971 512 2054 553 dici
2081 527 2150 558 104

335 602 350 629 5
371 585 574 626 adsensus
595 585 803 625 sustinere
824 584 1073 638 sapientem,
1098 598 1183 625 uno
1210 583 1336 625 modo
1365 597 1459 624 cum
1485 583 1569 624 hoc
1594 582 1881 639 intellegatur,
1905 583 2076 624 omnino

371 670 466 697 eum
499 655 560 696 rei
592 655 700 696 nulli
728 655 945 710 adsentiri,
977 655 1110 696 altero
1138 668 1232 696 cum
1260 669 1304 696 se
1330 670 1354 695 a
1379 653 1672 709 respondendo
1699 657 1748 696 ut
1774 656 1846 695 aut
1873 654 2078 708 adprobet

371 726 473 780 quid
512 729 585 767 aut
618 726 816 781 inprobet
848 725 1066 775 sustineat,
1106 727 1154 766 ut
1185 740 1322 779 neque
1353 727 1482 780 neget
1513 725 1674 779 aliquid
1706 739 1842 779 neque
1875 725 1970 765 aiat.
2034 724 2078 765 id

370 812 465 839 cum
500 798 559 839 ita
586 798 653 852 sit,
685 798 866 838 alterum
894 799 1060 852 placere
1086 800 1134 838 ut
1160 811 1392 850 numquam
1420 796 1696 851 adsentiatur,
1729 796 1909 837 alterum
1935 798 2077 837 tenere

369 872 418 910 ut
450 883 630 923 sequens
661 869 1021 923 probabilitatem,
1053 867 1309 921 ubicumque
1341 868 1444 908 haec
1478 869 1551 908 aut
1577 869 1771 908 occurrat
1796 869 1871 908 aut
1897 866 2076 919 deficiat,

316 958 349 983 ιο
370 943 442 981 aut
475 939 634 981 ‘etiam'
667 941 742 981 aut
776 941 890 980 ‘non’
925 939 1179 993 respondere
1211 939 1357 993 possit.
1414 953 1492 980 nec
1523 941 1571 979 ut
1601 937 1766 992 placeat
1800 952 1895 978 eum
1925 937 1999 992 qui
2026 938 2076 979 de
2109 941 2147 981 ³1⁸

370 1011 567 1053 omnibus
605 1011 731 1053 rebus
773 1012 987 1052 contineat
1026 1025 1068 1052 se
1110 1010 1162 1052 ab
1196 1010 1472 1052 adsentiendo
1505 1010 1669 1051 moueri
1700 1012 1845 1050 tamen
1877 1012 1918 1050 et
1951 1023 2076 1065 agere

368 1082 540 1137 aliquid,
571 1082 746 1136 reliquit
779 1083 867 1123 eius
900 1082 1015 1124 modi
1048 1083 1141 1124 uisa
1173 1081 1327 1136 quibus
1360 1081 1412 1122 ad
1444 1081 1655 1123 actionem
1689 1081 1935 1134 excitemur,
1972 1080 2075 1121 item

369 1168 417 1194 ea
443 1167 550 1207 quae
577 1153 829 1208 interrogati
850 1153 895 1193 in
914 1156 1139 1207 utramque
1158 1155 1323 1208 partem
1343 1153 1597 1207 respondere
1617 1152 1831 1206 possimus
1853 1154 2075 1205 sequentes

367 1227 533 1266 tantum
573 1224 699 1266 modo
740 1224 854 1278 quod
892 1225 953 1266 ita
985 1224 1124 1265 uisum
1160 1224 1232 1277 sit,
1272 1224 1372 1264 dum
1406 1224 1496 1264 sine
1529 1223 1726 1277 adsensu3
1764 1237 1902 1276 neque
1933 1224 2077 1263 tamen

316 1314 349 1340 15
370 1295 512 1337 omnia
544 1296 632 1337 eius
665 1295 781 1336 modi
812 1296 906 1337 uisa
938 1295 1182 1349 adprobari,
1225 1295 1297 1336 sed
1330 1309 1378 1335 ea
1410 1309 1516 1349 quae
1548 1294 1667 1335 nulla
1698 1308 1742 1335 re
1772 1293 2075 1348 inpedirentur.

366 1366 483 1408 Haec
515 1367 550 1408 si
582 1367 704 1408 uobis
737 1381 822 1408 non
855 1367 1105 1421 probamus,
1143 1366 1227 1407 sint
1265 1365 1373 1407 falsa
1411 1380 1528 1420 sane,
1568 1365 1780 1407 inuidiosa
1821 1366 1934 1407 certe
1965 1378 2052 1405 non
2079 1377 2146 1408 105

367 1440 476 1480 sunt.
530 1453 618 1479 non
644 1438 756 1479 enim
780 1438 918 1479 lucem
946 1438 1160 1492 eripimus,
1189 1436 1259 1479 sed
1289 1451 1336 1478 ea
1370 1451 1477 1491 quae
1509 1451 1587 1478 uos
1620 1435 1784 1491 percipi
1817 1434 2075 1490 conprehen-

368 1509 494 1563 dique
527 1509 671 1550 eadem
704 1524 794 1564 nos,
827 1509 862 1551 si
896 1509 1023 1550 modo
1056 1507 1297 1563 probabilia
1330 1509 1427 1562 sint,
1459 1507 1594 1549 uideri
1627 1506 1817 1549 dicimus.

486 1579 555 1621 Sic
588 1580 720 1636 igitur
746 1581 919 1622 inducto
947 1582 989 1621 et
1016 1579 1249 1621 constituto
1276 1579 1501 1634 probabili,
1534 1581 1576 1620 et
1601 1593 1649 1620 eo
1678 1578 1847 1632 quidem
1876 1578 2073 1632 expedito
2089 1584 2146 1626 33

313 1671 345 1696 20
366 1651 506 1693 soluto
544 1651 683 1693 libero
724 1651 842 1692 nulla
880 1666 924 1693 re
966 1650 1191 1706 inplicato,
1228 1651 1348 1692 uides
1385 1650 1578 1705 profecto
1611 1649 1789 1691 Luculle
1822 1650 1958 1691 iacere
1989 1649 2073 1690 iam

366 1723 471 1764 illud
509 1726 629 1764 tuum
668 1723 987 1777 perspicuitatis
1026 1722 1323 1776 patrocinium.
1393 1722 1527 1763 isdem
1567 1721 1679 1762 enim
1720 1720 1792 1762 hic
1824 1720 1991 1775 sapiens
2024 1720 2073 1761 de

365 1808 448 1847 quo
482 1793 637 1848 loquor
670 1795 804 1835 oculis
838 1793 992 1848 quibus
1026 1794 1105 1835 iste
1137 1796 1279 1834 uester
1311 1792 1472 1834 caelum
1499 1795 1655 1834 terram
1682 1806 1798 1833 mare
1825 1791 2073 1842 intuebitur.

364 1865 499 1906 isdem
545 1865 739 1906 sensibus
782 1865 949 1919 reliqua
993 1879 1100 1919 quae
1140 1864 1218 1906 sub
1258 1879 1468 1918 quemque
1506 1878 1676 1906 sensum
1715 1863 1872 1905 cadunt
1910 1862 2072 1904 sentiet.

364 1950 478 1977 mare
516 1935 640 1990 illud,
680 1936 793 1990 quod
831 1951 946 1978 nunc
984 1935 1157 1977 fauonio
1196 1938 1396 1977 nascente
1434 1950 1695 1990 purpureum
1734 1934 1922 1988 uidetur,
1961 1933 2072 1975 idem

485 2081 501 2110 1
537 2076 771 2111 Academicis
803 2077 988 2112 Sehieleius
1019 2078 1121 2112 relat.
1141 2078 1220 2122 syll.
1237 2077 1364 2121 philol.
1387 2077 1548 2111 Berolin.
1570 2089 1655 2110 xxm
1679 2079 1766 2118 105;
1798 2076 1840 2118 ef
1859 2086 1895 2109 u.
1918 2077 1960 2108 17
1993 2086 2074 2109 cum

358 2135 396 2168 p.
420 2127 521 2166 9922
550 2125 718 2159 Helmius
731 2125 859 2168 philol.
880 2125 998 2168 suppl.
1019 2137 1056 2158 1x
1077 2128 1144 2159 564
1167 2125 1208 2159 cle
1227 2125 1288 2167 off.
1309 2137 1321 2157 1
1343 2127 1469 2166 34,122
1493 2123 1585 2157 haec
1607 2125 1708 2158 aetas
1725 2151 1730 2156 .
1749 2150 1755 2157 .
1775 2152 1780 2158 .
1804 2133 1930 2157 eorum

364 2171 475 2205 sensls
486 2183 534 2215 pr
556 2173 589 2206 V
730 2175 749 2206 3
776 2171 836 2205 h1s
853 2173 918 2207 ΜΤ
1062 2176 1083 2206 4
1111 2171 1332 2216 exposulfset
1356 2183 1436 2206 eum
1461 2183 1524 2206 ras
1543 2183 1586 2205 ezr
1606 2172 1756 2215 &potus
1783 2171 1818 2205 A
1964 2172 1984 2203 5
2008 2168 2071 2203 ad-

364 2229 491 2253 sensus
523 2220 569 2254 ab
595 2219 756 2254 Hirzelii
788 2221 938 2264 (quaest.
966 2232 1007 2253 111
1030 2222 1095 2253 168
1116 2222 1169 2263 n.)
1197 2220 1450 2254 criminatione
1481 2219 1691 2253 uindicauit
1716 2230 1735 2253 r
1897 2216 2072 2252 sustinere

363 2313 407 2336 eoe
432 2301 520 2335 l'nsae
547 2306 587 2336 ut
612 2303 679 2337 uiel
705 2303 740 2336 Β
886 2275 1055 2345 uiilddocfi
1082 2303 1118 2337 Β
1280 2306 1299 2335 6
1325 2303 1367 2335 ut
1393 2302 1459 2335 aut
1484 2301 1666 2345 adprobet
1692 2301 1782 2345 quid
1809 2301 1874 2334 aut
1899 2299 2073 2344 inprobet

363 2349 420 2384 del
446 2350 630 2384 Daui-sius
655 2350 709 2390 tb‚·
736 2350 897 2392 defendit
925 2350 961 2385 C.
982 2350 1029 2385 F.
1051 2350 1290 2384 Hermannus
1304 2349 1431 2393 philol.
1452 2362 1504 2383 vn
1524 2352 1593 2383 470
1613 2353 1646 2383 et
1664 2349 1728 2382 ubi
1742 2359 1813 2393 pro
1833 2349 1875 2381 ut
1891 2348 2072 2382 inutiliter

363 2397 544 2431 coniciens
573 2396 611 2431 O.
634 2398 795 2431 Heinius
822 2398 906 2431 e'bicl.
928 2410 974 2430 xv
996 2400 1062 2430 677
1090 2401 1123 2432 et
1142 2409 1266 2442 proyr.
1288 2398 1450 2431 Posnan.
1474 2399 1623 2440 1862,18
1636 2410 1648 2439 ,·
1672 2397 1807 2431 seilicet
1831 2406 1905 2430 non
1925 2395 2071 2430 omnino

364 2457 385 2477 a
413 2445 659 2488 respondendo
684 2456 719 2479 se
745 2446 897 2479 sustinet
922 2445 983 2479 sed
1008 2446 1053 2478 ab
1079 2445 1135 2479 his
1160 2445 1299 2479 duobus
1324 2445 1514 2489 yeneribus
1660 2448 1676 2477 7
1705 2445 1759 2478 ait
1778 2444 1814 2477 Β
1841 2443 1916 2487 a1t7
1943 2443 1984 2476 in
2009 2453 2072 2477 ras

366 2507 397 2525 μ’
414 2492 467 2525 uel
492 2507 509 2524 ιν
528 2492 585 2526 litt
605 2492 639 2526 A
761 2495 781 2525 8
801 2496 967 2535 uni-iqua
981 2504 1030 2535 pr
1050 2492 1086 2525 Β
1206 2492 1284 2525 tere
1308 2503 1354 2535 pr
1367 2492 1403 2525 Β
1527 2495 1569 2525 10
1593 2492 1630 2525 in
1652 2502 1726 2525 non
1746 2501 1844 2525 nunc
1863 2490 2022 2532 deficit
2042 2489 2076 2522 V

483 2538 594 2582 possit
626 2540 682 2581 N,
714 2550 758 2574 ea*
789 2539 872 2573 sset
906 2538 945 2572 F
967 2539 1050 2573 oeset
1076 2540 1110 2573 A
1141 2538 1214 2573 svs&
1236 2540 1271 2573 Β
1416 2548 1483 2573 nec
1509 2540 1551 2572 ut
1571 2539 1685 2573 ANB
1711 2537 1772 2571 hie
1802 2538 1846 2571 ut
1872 2538 2072 2572 Manutius

365 2597 447 2619 cum
480 2586 520 2620 id
553 2587 759 2621 Lambinus
789 2597 874 2620 nam
909 2597 991 2620 cum
1023 2598 1081 2631 my
1113 2586 1273 2620 Lambin
1306 2587 1342 2619 et
1374 2597 1457 2619 cum
1489 2587 1522 2620 ei
1547 2586 1748 2628 Dauisius,
1775 2586 1794 2620 b
1830 2584 1893 2618 sed
1920 2595 2003 2618 cum
2028 2595 2072 2619 ex

365 2635 496 2668 Halmi
527 2635 731 2678 suspicione
762 2646 795 2668 m
828 2633 966 2667 etenim
999 2645 1082 2667 cum
1107 2645 1136 2668 r.
1193 2634 1287 2668 nihil
1319 2633 1465 2676 affirmo
1489 2635 1565 2667 nisi
1588 2633 1652 2667 hoc
1677 2643 1817 2675 moneo,
1842 2632 2073 2676 relinquendi

363 2682 513 2716 uerbum
542 2692 645 2715 usum
670 2682 797 2716 habere
823 2682 1019 2726 duplicem,
1045 2685 1087 2715 ut
1111 2682 1287 2715 incertum
1306 2681 1355 2715 sit
1368 2681 1608 2724 probandane
1627 2681 1883 2724 relinquantur
1901 2680 1968 2714 illa
1987 2679 2071 2713 uisa

364 2741 412 2763 (cn
442 2740 513 2763 non
538 2729 796 2773 relinquantur
820 2728 1026 2773 improbata
1048 2729 1105 2771 (de
1124 2728 1188 2762 hoc
1207 2739 1278 2762 usu
1297 2729 1384 2771 efp.
1406 2731 1520 2770 4214.
1538 2731 1627 2771 51,9.
1644 2731 1723 2771 55,6
1751 2729 1792 2762 de
1817 2730 1879 2771 fin.
1904 2739 1940 2760 1v
1956 2729 2070 2768 14,38,

363 2776 404 2810 de
431 2777 542 2811 altero
563 2788 601 2820 p.
624 2780 714 2820 52‚4.
737 2780 835 2819 56,9,
864 2780 1050 2820 praeterea
1078 2787 1114 2819 p.
1140 2779 1239 2818 1232
1271 2779 1302 2810 et
1328 2775 1370 2809 de
1394 2775 1456 2818 fin.
1478 2788 1514 2809 1v
1538 2778 1650 2818 15‚41.
1675 2778 1776 2817 16‚43
1803 2775 1845 2808 de
1871 2774 1945 2808 eliu.
1967 2786 1979 2807 1
2001 2776 2069 2815 3‚5‚

364 2825 440 2867 aL),
466 2828 506 2858 ut
530 2834 598 2858 nec
625 2835 708 2858 cum
729 2825 846 2868 possit
872 2835 997 2858 uerum
1023 2834 1094 2858 esse
1244 2826 1286 2856 12
1313 2822 1571 2868 1·eliqu1t!****
1600 2822 1788 2865 eiusmodi,
1815 2822 1896 2865 quit
1922 2821 1997 2856 aelel
2022 2821 2071 2866 [ft
2100 2843 2102 2846 ν

363 2871 468 2916 qiud]
494 2871 530 2904 A
564 2871 718 2915 rehquit
744 2872 837 2905 NBt
871 2870 1033 2914 relinqui
1065 2882 1109 2905 ew
1140 2871 1296 2905 Dauisii
1327 2871 1532 2905 coniectura
1565 2870 1664 2912 b¹mr5
1695 2869 1872 2912 relinquit
1903 2879 1978 2903 non
2008 2880 2067 2902 ne-

362 2919 556 2953 cessarium
733 2922 774 2952 13
801 2918 1049 2963 interroganti
1075 2917 1167 2960 Ven,
1192 2918 1234 2961 ef
1247 2929 1285 2961 p.
1304 2921 1405 2959 119,6
1432 2922 1465 2952 et
1485 2921 1610 2961 118‚12
1774 2918 1895 2960 utraq3
1916 2927 1959 2950 ea·
1978 2925 2067 2958 evaq3

362 2966 397 2999 B
546 2969 587 3000 15
615 2967 655 3001 in
681 2965 759 3001 eius
786 2965 888 3000 modi
915 2965 990 3009 (uel
1015 2965 1093 3000 eius
1119 2965 1221 2999 modi
1248 2965 1343 3008 uisa)
1379 2969 1442 2999 aut
1474 2976 1610 3000 errasse
1638 2965 1838 2999 Ciceronem
1868 2967 1933 2998 aut
1958 2963 2066 2997 libra-

362 3014 458 3047 rium
478 3024 643 3057 peccasse
668 3018 782 3048 censet
808 3013 997 3048 Hirzelius
1021 3016 1155 3057 quaest.
1170 3025 1212 3046 111
1240 3015 1306 3046 165
1330 3023 1364 3045 n.
1388 3015 1428 3054 2;
1453 3016 1543 3047 reete
1562 3024 1582 3046 r
1607 3012 1744 3054 confert
1763 3023 1802 3055 p.
1821 3013 1924 3053 &4³10

362 3060 546 3104 approbat
578 3072 620 3096 eat
653 3061 819 3105 ‘antiquo
851 3061 957 3096 libro'
994 3061 1193 3095 Manutius
1225 3059 1483 3103 adprobauitt
1675 3062 1718 3093 17
1745 3059 1864 3092 lucem
1891 3057 2067 3101 eripimus

362 3109 402 3150 ef
410 3119 449 3151 p.
465 3111 545 3149 82,8
717 3112 759 3142 19
787 3108 941 3141 inducta
967 3109 1004 3142 et
1030 3107 1231 3142 constituta
1255 3106 1432 3155 pbablha
1458 3107 1549 3149 AB,
1579 3107 1652 3141 add
1679 3107 1735 3149 N,
1760 3105 1966 3140 emendauit
1991 3104 2066 3138 ΑΜ

481 3160 524 3189 22
552 3156 614 3189 ᾗ*
645 3156 681 3200 [ο
709 3168 758 3190 an
783 3156 836 3201 m]
863 3157 896 3190 A
1071 3158 1113 3189 23
1141 3154 1277 3189 cadent
1302 3154 1376 3189 dett
1403 3154 1622 3189 Goerenzius
1815 3152 1972 3193 sentient
1991 3151 2064 3186 AB
