2211 3653
57 669 101 701 60

53 1344 109 1426 319

130 195 310 230 Lucullus
724 192 967 228 LVCVLLVS
997 195 1250 236 18,59-19‚61
1780 192 1834 234 99

129 304 359 358 cognitum.
425 301 680 343 Carneadem
715 304 856 342 autem
891 301 1016 341 etiam
1051 300 1142 342 heri
1175 300 1448 342 audiebamus
1475 302 1648 343 solitum
1676 316 1767 343 esse
1794 315 1836 342 eo

129 373 267 415 delabi
305 373 518 414 interdum
559 376 605 413 ut
645 372 804 414 diceret
842 373 1116 425 opinaturum
1155 371 1196 412 id
1238 375 1302 413 est
1334 375 1608 426 peccaturum
1647 387 1735 414 esse
1775 387 1836 413 sa-

128 445 326 499 pientem.
402 443 506 485 mihi
549 458 677 498 porro
715 457 803 484 non
840 446 927 483 tam
970 445 1129 484 certum
1168 446 1232 484 est
1270 457 1361 484 esse
1399 442 1561 497 aliquid
1595 443 1708 497 quod
1741 457 1837 484 0011-

126 515 275 570 prendi
309 515 457 569 possit‚
497 515 546 556 de
580 529 663 569 quo
697 515 778 555 iani
813 514 990 555 nimium
1025 514 1150 555 etiam
1185 514 1255 554 diu
1290 514 1474 568 disputo,
1514 530 1638 569 quani
1674 515 1836 569 sapien-

125 590 208 628 tem
262 586 370 627 nihil
422 587 588 641 opinari
639 587 681 628 id
733 589 797 628 est
846 600 1078 639 numquam
1128 585 1330 626 adsentiri
1374 587 1433 626 rei
1479 585 1547 627 uel
1592 585 1724 626 falsae
1768 586 1837 627 uel
1875 601 1889 627 5

128 658 380 713 incognitae.
455 657 606 698 Restat
644 658 749 698 illud
789 657 902 710 quod
936 656 1082 696 dicunt
1114 656 1203 696 ueri
1236 656 1485 698 inueniundi
1525 672 1651 698 causa
1689 659 1837 698 contra

127 730 270 770 omnia
309 728 391 770 dici
432 731 630 783 oportere
669 731 710 769 et
748 742 826 782 pro
866 727 1074 768 omnibus.
1142 727 1242 768 uolo
1281 727 1415 782 igitur
1451 727 1596 768 uidere
1636 728 1737 782 quid
1775 728 1836 768 in-

125 800 331 841 uenerint.
390 798 505 840 ‘Non
539 799 739 840 solemus’
773 798 913 852 inquit
946 797 1214 838 ‘ostenda-e&
1272 797 1388 847 Quae
1421 802 1521 839 sunt
1552 798 1720 840 tandem
1754 799 1837 840 ista

125 871 345 925 mysteria,
391 873 465 911 aut
503 884 577 911 cur
616 869 762 910 celatis
802 869 923 923 quasi
961 871 1086 922 turpe
1126 868 1287 923 aliquid
1327 868 1581 910 sententiam
1619 870 1837 910 uestram?

126 941 202 983 ‘Vt
234 941 306 995 qui
340 942 526 983 audient’
564 941 706 995 inquit
745 940 925 981 ‘ratione
964 940 1107 994 potius
1147 955 1272 994 quam
1312 941 1565 981 auctoritate
1599 941 1834 982 ducantur’.
1856 958 1889 982 10

126 1013 237 1062 Quid
271 1013 306 1054 si
338 1015 584 1067 utrumque,
622 1027 724 1053 num
763 1012 885 1066 peius
924 1011 1016 1052 est?
1087 1026 1218 1052 unum
1252 1014 1391 1052 tamen
1428 1011 1534 1052 illud
1566 1025 1653 1052 non
1687 1011 1836 1064 celant,

125 1084 233 1125 nihil
277 1099 366 1126 esse
412 1084 526 1138 quod
570 1083 732 1138 percipi
776 1083 926 1138 possit.
1002 1098 1053 1123 aii
1097 1083 1141 1123 in
1180 1097 1227 1123 eo
1267 1083 1499 1124 auctoritas
1539 1082 1648 1124 nihil
1687 1082 1835 1123 obest?

124 1155 228 1197 mihi
260 1155 431 1210 quidem
464 1155 635 1196 uidetur
667 1155 737 1196 uel
767 1154 1014 1209 plurimum.
1078 1154 1173 1208 quis
1207 1154 1318 1195 enim
1352 1154 1434 1195 ista
1460 1156 1547 1194 tam
1576 1156 1720 1208 aperte
1746 1168 1838 1207 per-

125 1228 353 1281 spicueque
392 1230 433 1267 et
472 1241 673 1280 peruersa
711 1228 752 1266 et
784 1225 892 1266 falsa
925 1228 1095 1266 secutus
1129 1228 1251 1279 esset,
1289 1225 1371 1266 nisi
1404 1228 1523 1266 tanta
1557 1225 1601 1265 in
1633 1224 1837 1278 Arcesila,

124 1297 259 1339 multo
288 1297 416 1339 etiam
443 1298 578 1339 maior
605 1297 648 1338 in
676 1296 890 1337 Carneade
917 1299 959 1337 et
984 1296 1107 1350 copia
1132 1311 1273 1338 rerum
1307 1298 1348 1337 et
1381 1296 1548 1338 dicendi
1574 1295 1640 1336 uis
1673 1295 1834 1336 inisset.
1858 1312 1890 1339 15

244 1369 360 1411 Haec
392 1368 632 1410 Antiochus
672 1367 758 1408 fere
799 1370 840 1408 et
873 1366 1165 1409 Alexandreae
1207 1370 1297 1409 tum
1331 1369 1373 1408 et
1405 1367 1551 1409 multis
1585 1367 1706 1407 annis
1739 1370 1837 1420 post

123 1441 260 1482 multo
301 1440 427 1482 etiam
467 1440 808 1493 adseuerantius,
840 1439 883 1479 in
918 1437 1042 1493 Syria
1081 1454 1175 1480 cum
1215 1441 1326 1480 esset
1364 1452 1529 1480 mecum
1569 1437 1697 1492 paulo
1739 1440 1837 1478 ante

124 1526 249 1566 quam
284 1514 347 1552 est
379 1513 584 1553 mortuus
650 1509 729 1551 Sed
764 1511 849 1551 iam
881 1510 1132 1551 confirmata
1164 1524 1290 1551 causa
1322 1512 1363 1551 te
1389 1509 1606 1551 hominem
1633 1509 1836 1550 amicissi-

122 1598 263 1623 mum»
291 1598 358 1624 me
385 1585 526 1624 autem
554 1581 799 1636 appellabat
832 1583 897 1622 «et
927 1581 1091 1635 aliquot
1124 1581 1245 1622 aunis
1278 1581 1486 1623 minorem
1518 1583 1622 1621 natu
1652 1595 1737 1621 non
1766 1580 1836 1621 du-

122 1653 271 1694 bitabo
310 1668 494 1695 monere.
552 1653 671 1693 Tune
715 1666 812 1694 cum
857 1652 989 1693 tantis
1033 1651 1232 1693 laudibus
1274 1651 1593 1707 philosophiam
1634 1652 1836 1693 extuleris
1858 1670 1891 1694 20

123 1725 489 1779 Hortensiumque
514 1726 709 1765 nostrum
735 1723 1055 1765 dissentientem
1078 1723 1372 1778 commoueris,
1399 1738 1490 1764 eam
1513 1723 1835 1778 philosophiam

123 1810 296 1851 sequere
336 1811 443 1851 quae
483 1795 707 1837 confundit
745 1809 847 1836 uera
879 1809 974 1836 cum
1007 1794 1139 1849 falsis7
1178 1794 1336 1849 spoliat
1368 1809 1445 1836 nos
1480 1795 1655 1849 iudicio,
1694 1794 1837 1848 priuat

122 1868 430 1922 adprobatione
470 1867 602 1921 omni,
643 1866 765 1908 orbat
804 1866 1026 1908 sensibus‘.>
1095 1869 1136 1907 et
1169 1866 1410 1907 Cimmeriis
1450 1866 1640 1921 quidem,
1681 1866 1836 1920 quibus

243 2013 259 2042 1
283 2008 517 2043 audebamus
528 2021 576 2053 pr
597 2008 673 2042 AV
817 2009 857 2041 εἶθ
885 2007 1008 2041 delabi
1031 2008 1144 2042 AVB
1166 2007 1227 2042 sed
1247 2018 1266 2041 e
1285 2007 1405 2041 media
1425 2017 1506 2041 cum
1526 2018 1588 2041 ras
1608 2018 1651 2041 eoe
1671 2017 1691 2040 o
1711 2011 1753 2041 ut
1771 2006 1838 2040 uid

115 2068 166 2102 pr
184 2058 221 2092 V.
249 2057 322 2090 huc
338 2056 402 2091 sol.
419 2067 498 2091 esse
514 2056 583 2090 del.
600 2057 634 2090 ci
647 2056 829 2097 Lambim
850 2067 875 2089 s.
899 2066 978 2088 esse
999 2066 1042 2089 eo
1062 2055 1139 2089 labi
1154 2055 1341 2090 Dauisius
1355 2066 1381 2088 s,
1398 2065 1439 2088 eo
1461 2054 1587 2088 delabi
1608 2056 1643 2089 ci
1657 2055 1837 2089 Ernestus

122 2151 147 2174 s.
171 2150 250 2174 esse
274 2150 316 2174 eo
338 2140 371 2174 d.
398 2140 620 2175 Goerenzio&
742 2144 761 2172 2
789 2139 889 2173 ide-
913 2139 966 2181 A,
987 2150 1030 2173 eoe
1050 2139 1110 2172 ide
1131 2139 1166 2173 B
1186 2106 1286 2181 idem
1309 2139 1341 2172 V
1483 2141 1502 2170 3
1524 2141 1543 2171 0
1563 2137 1639 2171 add
1658 2138 1693 2172 A

121 2189 280 2268 conpleclli
294 2235 338 2257 ex
351 2222 509 2267 conpedi
524 2227 565 2257 ut
578 2223 644 2257 uid
658 2223 691 2256 A
815 2227 835 2256 4
850 2207 897 2266 {fo
912 2223 947 2256 A
969 2207 1019 2266 (ἶᾷ
1038 2223 1071 2256 V
1087 2207 1131 2266 fi*
1145 2223 1193 2264 B,
1207 2232 1327 2256 onmes
1341 2232 1385 2255 em
1399 2220 1448 2264 qd
1566 2220 1836 2262 IanImifi*&1a,

1700 2271 1712 2293 t

120 2306 215 2340 Imlsl
244 2307 282 2340 ιή
307 2317 390 2349 ras,
416 2317 460 2340 ea:
484 2307 760 2340 iamnimisietia
780 2309 821 2340 ut
839 2306 906 2340 uid
926 2307 961 2340 A
1130 2308 1149 2338 5
1170 2304 1265 2339 idest
1285 2315 1327 2339 eac
1347 2304 1447 2338 idem
1467 2309 1509 2338 ut
1531 2304 1594 2338 uid
1614 2305 1648 2338 A
1681 2305 1780 2346 idem
1808 2304 1842 2337 V

240 2353 496 2399 uelincognite
517 2355 613 2396 (corr
639 2355 742 2399 wte),
769 2365 792 2386 n
815 2354 921 2397 prior
946 2364 963 2387 e
988 2364 1085 2395 corr,
1106 2356 1199 2397 puto
1225 2364 1269 2387 eoe
1294 2364 1331 2385 m
1352 2352 1387 2386 A
1523 2355 1540 2386 7
1570 2362 1694 2385 omnia
1715 2351 1835 2385 *dicio

121 2403 286 2446 portere,
313 2412 332 2435 c
358 2403 398 2436 in
423 2412 503 2444 ras,
529 2413 572 2436 ew
604 2412 704 2434 omni
731 2401 848 2435 aditio
875 2413 930 2445 pm
956 2405 998 2435 ut
1021 2401 1088 2435 uid
1114 2401 1150 2435 B
1284 2400 1397 2433 udere
1419 2410 1468 2444 pr
1496 2400 1529 2434 V
1651 2400 1837 2433 inuenerit

129 2485 208 2527 VB,
229 2497 279 2528 pr
298 2485 344 2522 F,
370 2496 414 2519 ex·
440 2485 558 2518 mnirit
580 2486 614 2518 A
737 2488 757 2517 8
777 2457 865 2518 mg&
887 2484 976 2526 AV,
1001 2484 1161 2526 fueritne
1185 2484 1256 2517 tam
1289 2485 1329 2517 in
1355 2487 1504 2526 atroque
1533 2483 1638 2517 walde
1664 2483 1837 2525 (humma,-

119 2538 184 2590 taN
211 2555 295 2589 dem
309 2555 554 2590 istamrsteria
580 2567 624 2590 ea·
648 2557 688 2589 ta
715 2555 948 2601 deffnixsteria
969 2556 1005 2589 B
1187 2558 1206 2588 9
1233 2554 1402 2598 quasitur
1427 2534 1633 2598 peJaliquid
1665 2555 1697 2588 V

122 2629 165 2660 10
201 2626 291 2670 quid
325 2627 360 2660 B
555 2611 704 2669 ratlosse,
735 2639 756 2660 N
790 2627 902 2661 litura
935 2627 1007 2668 del,
1040 2638 1104 2661 nec
1138 2625 1202 2660 m'd
1238 2626 1352 2669 fuisse
1374 2626 1551 2670 primitus
1582 2626 1617 2658 B
1788 2609 1836 2667 *(,ἷ

119 2675 151 2708 h.
173 2685 199 2708 e.
227 2684 340 2717 quam
366 2685 423 2709 rec
455 2674 495 2720 [q
520 2676 638 2709 nescio
670 2685 739 2718 quo
770 2676 875 2720 siano
898 2674 1087 2719 distincta]
1120 2674 1156 2709 A
1344 2674 1560 2707 auctoritati
1587 2684 1636 2716 pr
1664 2673 1698 2706 V

122 2724 164 2755 11
191 2722 349 2764 utroque
376 2721 448 2756 dett
472 2722 658 2757 Dauisitcs
685 2723 740 2757 τὸν
771 2723 929 2765 utraque
963 2722 1192 2764 chcherus;
1217 2721 1258 2764 cf
1280 2721 1502 2766 Maduiyius
1522 2721 1564 2755 de
1582 2720 1645 2764 fin.
1668 2732 1709 2753 111
1732 2722 1833 2762 17‚56

121 2769 240 2804 Lucil.
263 2772 331 2802 418
361 2770 488 2804 Illam.
509 2770 633 2805 Plaut.
656 2771 732 2804 cist.
757 2773 821 2803 149
950 2770 1010 2813 pei
1030 2782 1073 2803 01-
1098 2780 1159 2813 pei
1179 2773 1220 2803 ut
1238 2769 1305 2803 ulid
1333 2769 1367 2803 V
1483 2768 1536 2802 eft
1562 2768 1637 2802 add
1657 2768 1691 2801 A

121 2827 238 2861 celam
271 2838 351 2863 corr
383 2821 502 2874 celai'n
536 2829 569 2863 V
599 2828 762 2863 celamur
800 2829 1034 2871 Gulielmius,
1075 2829 1187 2863 ‘satis
1217 2827 1478 2872 probabiliter’
1519 2829 1574 2862 ait
1605 2839 1650 2869 r,·
1686 2827 1728 2868 cf
1755 2838 1790 2859 u.
1814 2830 1833 2859 9

241 2903 284 2932 12
311 2899 431 2943 posset
450 2910 500 2943 pr
519 2901 555 2933 A
708 2904 750 2933 15
779 2890 961 2933 carneade
984 2901 1014 2933 A
1058 2899 1173 2941 *dem
1209 2899 1241 2933 V
1273 2888 1506 2933 carneade-'m
1522 2897 1569 2940 ἅν,
1598 2909 1635 2930 m
1666 2898 1700 2940 ft
1725 2897 1836 2931 deleri

120 2950 241 2990 coepta
270 2946 306 2980 B
462 2951 546 2980 ren-i
567 2950 585 2980 0
606 2949 635 2980 ὅι
655 2947 716 2981 sed
735 2950 754 2980 0
779 2951 821 2981 ut
846 2947 912 2980 uid
937 2947 1040 2980 eradi
1066 2951 1189 2991 coepta
1210 2947 1245 2979 B
1399 2946 1458 2979 uil'
1476 2957 1565 2978 *uc*
1594 2945 1721 2978 fnisset
1747 2944 1839 2989 [fuis

120 2998 161 3028 ut
184 2993 267 3039 uid]
300 2994 336 3027 A
484 2997 526 3027 16
554 2993 777 3040 alexandree
803 3004 884 3028 corr
910 2994 1020 3039 &di-ie
1048 2995 1082 3028 V
1230 2997 1272 3027 18
1300 2993 1440 3035 sedetia
1460 2994 1495 3026 A
1649 2995 1690 3026 21
1718 2993 1830 3037 siqni-

119 3042 205 3083 sicat
237 3041 429 3076 Hortensii
459 3043 596 3076 exitum
796 3040 1019 3084 philosopha
1045 3053 1095 3085 pr
1120 3042 1155 3075 A
1350 3044 1393 3074 22
1427 3041 1577 3084 sequere
1610 3042 1667 3083 (ῖς,
1699 3049 1759 3073 ere
1791 3040 1832 3073 in

1060 3090 1077 3113 h

122 3122 198 3152 ras,
226 3112 340 3154 fuisse
358 3113 426 3146 uid
452 3112 564 3155 sequa
589 3123 665 3155 req3
686 3112 721 3145 B
874 3115 917 3145 23
944 3103 1057 3154 omniss
1082 3109 1088 3121 ’
1116 3113 1179 3146 Vtr
1201 3123 1265 3145 nec
1284 3112 1435 3146 dubium
1455 3115 1505 3145 est
1526 3110 1727 3145 Ciceronem
1755 3121 1831 3144 om-

121 3158 229 3192 nibus
256 3159 365 3193 orbat
399 3159 567 3194 sensibus
597 3161 757 3203 potuisse
788 3160 957 3201 scribere,
991 3161 1052 3193 sed
1079 3159 1178 3192 omni
1206 3158 1476 3203 adprobatione
1502 3170 1573 3193 now
1601 3159 1679 3193 sine
1704 3159 1745 3193 ui
1766 3170 1831 3202 po—

1504 3218 1547 3234 Η*

1509 3230 1517 3251 l
