2211 3653
632 194 694 228 DE
721 192 1011 228 ACADEMICIS
1037 191 1334 226 TESTIMONIA
1780 192 1831 231 31

129 307 312 358 probabo.
364 321 432 345 nec
459 310 591 345 tamen
617 304 796 354 αἰδέομαι
826 307 961 355 Τρῶας
991 326 1039 330 -—
1069 304 1163 353 quid
1190 303 1320 342 enim?
1352 326 1416 350 —,
1442 303 1508 341 sed
1535 304 1610 352 ipsi
1631 316 1749 352 quam
1775 315 1837 341 res

127 368 197 405 illa
222 366 457 416 probaretur
480 368 608 416 magis
635 365 816 412 uerebar,
849 365 915 402 sed
943 366 1130 413 quoniam
1157 370 1200 401 tu
1227 363 1403 412 suscipis,
1429 365 1469 400 in
1497 363 1663 400 alteram
1690 375 1835 400 aurem.

245 428 349 473 epist.
376 439 415 463 1x
439 427 463 463 8
487 438 513 463 v
539 429 607 463 aut
632 437 674 463 1v
699 425 761 462 Id.
785 424 912 473 Quint.
941 437 985 461 er
1006 424 1228 461 Tusculano
1251 422 1382 460 Cicero
1409 422 1590 460 Varroni.
1640 422 1727 459 Etsi
1752 435 1836 458 mu-

127 498 199 524 nus
230 485 423 535 flagitare,
456 485 638 534 quamuis
671 485 758 533 quis
791 483 1018 523 ostenderit,
1051 496 1098 520 ne
1130 482 1300 531 populus
1334 481 1490 530 quidem
1520 481 1619 519 solet
1645 481 1721 518 nisi
1748 493 1835 518 con-

125 546 286 591 citatus,
325 547 458 582 tamen
496 557 567 595 ego
607 544 898 593 exspectatione
937 542 1119 591 promissi
1156 542 1217 579 tui
1255 554 1415 579 moueor
1447 550 1489 578 ut
1524 540 1753 578 admoneam
1786 544 1837 587 te,

124 617 203 642 non
234 606 278 641 ut
309 603 496 654 flagitem.
553 604 644 641 misi
676 606 807 640 autem
834 603 883 639 ad
909 605 948 638 te
975 605 1164 649 quattuor
1190 601 1454 638 admonitores
1481 613 1558 638 non
1584 600 1702 638 nimis
1728 612 1837 637 uere-

125 663 288 701 cimdos:
326 665 431 701 nosti
469 665 573 700 enim
610 663 786 712 profecto
826 674 868 699 os
906 661 1021 697 huius
1061 660 1382 697 adulescentioris
1415 659 1669 707 Academiae,
1709 672 1753 696 ex
1791 672 1837 697 ea

124 725 249 773 igitur
279 722 409 760 media
442 724 632 760 excitatos
664 723 771 759 misi:
813 722 881 770 qui
913 721 1046 757 metuo
1078 732 1126 757 ne
1157 722 1197 756 te
1229 720 1330 756 forte
1362 719 1559 768 flagitent.
1600 731 1671 768 ego
1704 722 1834 756 autem

124 782 311 820 mandaui
344 784 388 819 ut
422 785 619 831 rogarent.
683 779 958 829 exspectabam
997 780 1155 816 omnino
1193 780 1273 815 iam
1312 778 1378 815 diu
1417 791 1556 827 meque
1595 777 1837 816 sustinebam

124 855 170 878 ne
203 841 252 879 ad
283 846 323 879 te
356 843 465 891 prius
497 843 580 890 ipse
615 840 707 889 quid
741 839 949 877 scriberem
983 850 1101 887 quam
1134 837 1286 886 aliquid
1320 837 1570 886 accepissem.
1604 842 1649 874 ut
1681 849 1836 886 possem

122 904 160 938 te
192 902 435 938 remunerari
468 913 587 949 quam
619 899 821 937 simillimo
853 910 1031 944 munere,
1065 897 1131 934 sed
1157 909 1243 934 cum
1270 900 1315 934 tu
1340 897 1493 934 tardius
1520 898 1678 943 faceres,
1711 896 1751 933 id
1777 899 1836 934 est

122 964 167 997 ut
199 973 270 1010 ego
302 961 540 1009 interpretor
571 959 819 1009 diligentius,
860 958 986 994 teneri
1024 969 1101 994 non
1133 958 1247 1006 potui
1279 957 1374 1005 quin
1407 956 1722 994 coniunctionem
1755 959 1836 993 stu-

122 1020 277 1057 diorum
310 1021 531 1068 amorisque
563 1018 689 1056 nostri
721 1031 798 1066 quo
830 1029 986 1066 possem
1019 1017 1242 1053 litterarum
1275 1029 1413 1066 genere
1446 1016 1698 1053 declararem.
1760 1016 1836 1052 feci

121 1079 245 1129 igitur
283 1091 499 1117 sermonem
538 1079 641 1115 inter
678 1090 749 1114 nos
781 1076 962 1114 habitum
994 1076 1035 1112 in
1070 1074 1265 1122 Cumano,
1303 1087 1391 1112 cum
1425 1080 1525 1112 esset·
1556 1088 1634 1112 una
1667 1074 1835 1123 Pompo-

120 1141 226 1186 nius,
267 1138 341 1176 tibi
379 1137 467 1175 dedi
505 1139 636 1186 partes
668 1136 948 1183 Antiochinas,
986 1147 1083 1184 quas
1123 1148 1145 1172 a
1183 1137 1222 1172 te
1261 1134 1422 1183 probari
1460 1134 1699 1172 intellexisse
1738 1134 1835 1171 mihi

123 1198 302 1245 uidebar,
339 1197 437 1234 mihi
469 1197 620 1245 sumpsi
652 1196 840 1233 Philonis.
902 1197 1000 1244 puto
1032 1196 1116 1233 fore
1148 1197 1192 1231 ut
1225 1207 1312 1231 cum
1345 1194 1487 1244 legeris
1518 1194 1658 1231 mirere
1692 1206 1761 1231 nos
1793 1193 1835 1230 id

120 1257 270 1294 locutos
309 1269 390 1294 esse
428 1258 532 1293 inter
570 1268 640 1293 nos
680 1255 785 1304 quod
822 1267 1040 1304 numquam
1078 1255 1201 1292 locuti
1239 1266 1390 1301 sumusg
1434 1253 1500 1290 sed
1541 1253 1646 1291 nosti
1686 1266 1833 1291 morem

119 1316 378 1366 dialogorum.
443 1310 456 1334 ²
478 1315 645 1353 Posthac
679 1318 812 1352 autem
843 1316 898 1351 mi
929 1314 1057 1351 Varro
1092 1326 1211 1363 quam
1242 1314 1415 1362 plurima
1449 1315 1482 1350 si
1514 1313 1684 1356 uidetur.v
1717 1316 1754 1350 et
1787 1313 1834 1349 de

105 1375 229 1413 nobis
261 1376 365 1413 inter
395 1387 465 1412 nos
502 1397 552 1401 —
587 1387 672 1413 sero
704 1376 889 1421 fortasse3
935 1374 1002 1411 sed
1041 1374 1288 1423 superiorum
1324 1381 1547 1421 temporum
1585 1375 1745 1409 fortuna
1777 1372 1834 1409 rei

117 1434 297 1483 publicae
337 1447 495 1473 causam
534 1435 744 1481 sustineat,
786 1434 882 1471 haec
921 1434 998 1482 ipsi
1030 1435 1232 1482 praestare
1266 1432 1464 1469 debemus.
1528 1435 1647 1480 atque
1679 1433 1834 1469 utinam

117 1495 261 1543 quietis
298 1494 544 1543 temporibus
579 1496 699 1543 atque
732 1494 867 1542 aliquo
900 1494 933 1530 si
965 1506 1043 1529 non
1075 1492 1177 1530 bono
1211 1495 1251 1530 at
1285 1492 1422 1529 saltem
1458 1495 1563 1530 certo
1597 1494 1704 1529 statu
1736 1491 1832 1528 ciui-

117 1554 213 1591 tatis
251 1553 348 1591 haec
384 1555 489 1591 inter
526 1566 596 1591 nos
632 1553 764 1591 studia
798 1565 973 1590 exercere
1005 1564 1218 1601 possemus.
1283 1563 1523 1600 quamquam
1555 1556 1641 1588 tum
1673 1551 1832 1600 quidem

116 1612 181 1650 uel
220 1613 321 1651 aliae
361 1613 571 1662 quaepiam
608 1613 781 1651 rationes
816 1613 1002 1649 honestas
1033 1611 1147 1649 nobis
1180 1614 1218 1648 et
1250 1623 1363 1648 curas
1397 1614 1435 1648 et
1467 1612 1641 1648 actiones
1674 1610 1831 1658 darent,

116 1684 219 1710 nunc
257 1675 391 1710 autem
431 1673 526 1722 quid
566 1674 625 1710 est
663 1674 746 1710 sine
784 1672 845 1710 his
886 1684 954 1709 cur
992 1671 1126 1708 uiuere
1164 1669 1358 1708 uelimus?
1396 1670 1493 1707 inihi
1525 1683 1618 1708 uero
1653 1683 1739 1707 cum
1771 1670 1832 1707 his

114 1732 212 1781 ipsis
250 1734 335 1779 uix,
373 1732 433 1769 his
472 1735 604 1770 autem
643 1732 830 1770 detractis
868 1744 918 1769 ne
955 1731 1023 1768 uix
1055 1730 1224 1779 quidem.
1288 1729 1355 1768 sed
1386 1730 1481 1767 haec
1515 1742 1645 1767 coram
1679 1734 1717 1767 et
1749 1742 1831 1767 sae-

115 1792 214 1839 pius.
277 1791 557 1841 Migrationem
595 1794 633 1829 et
672 1792 912 1840 emptionem
949 1790 1119 1828 feliciter
1157 1791 1313 1828 euenire
1352 1789 1444 1827 uolo
1483 1792 1675 1838 tuumque
1714 1791 1754 1826 in
1787 1802 1833 1826 ea

116 1863 157 1888 re
190 1851 398 1889 consilium
429 1851 564 1900 probo.
629 1850 733 1888 Cura
764 1853 809 1888 ut
841 1850 986 1888 ualeas.

234 1911 286 1948 acl
310 1910 482 1949 Atticum
508 1923 581 1948 xm
608 1912 703 1958 25‚3
732 1923 773 1948 1v
799 1911 861 1947 Id.
890 1909 1018 1957 Quint.
1047 1921 1091 1947 ef
1120 1910 1340 1946 Tusculano
1368 1909 1433 1946 sed
1462 1908 1558 1957 quid
1586 1915 1643 1946 est
1670 1908 1831 1945 tandem

115 1970 221 2018 quod
251 1970 524 2019 perhorrescas
557 1970 650 2019 quia
683 1973 752 2007 tuo
784 1969 959 2018 periculo
992 1969 1149 2007 iubeam
1182 1968 1303 2006 libros
1336 1968 1421 2006 dari
1454 1968 1653 2006 Varroni?
1710 1968 1829 2005 etiam

114 2041 217 2067 nunc
254 2030 287 2067 si
325 2029 501 2077 dubitas,
539 2030 601 2067 fac
640 2032 685 2067 ut
723 2031 901 2067 sciamus.
966 2028 1065 2065 nihil
1104 2031 1164 2066 est
1196 2029 1301 2065 enim
1332 2028 1412 2065 illis
1446 2027 1675 2077 elegantius.
1738 2027 1829 2065 uolo

113 2088 348 2137 Varronem,
387 2089 620 2138 praesertim
659 2101 747 2126 cum
783 2089 851 2126 ille
890 2088 1102 2135 desideret,
1145 2087 1212 2125 sed
1251 2091 1309 2124 est
1347 2095 1391 2125 ut
1431 2087 1505 2125 scis
1545 2085 1673 2133 δεινὸς
1710 2083 1828 2137 ἀνήρ·

115 2147 207 2198 τάχα
244 2162 312 2186 κεν
343 2147 408 2186 καὶ
441 2146 618 2186 ἀναίτιον
651 2147 846 2202 αἰτιόῳτοε
882 2149 940 2185 ita
971 2147 1068 2184 mihi
1101 2159 1217 2196 saepe
1250 2147 1419 2184 occurrit
1451 2146 1588 2184 uultus
1621 2147 1703 2184 eius
1736 2158 1829 2195 que-

116 2207 237 2244 rentis
269 2208 436 2245 fortasse
467 2208 532 2245 uel
563 2207 654 2255 hoc,
692 2219 799 2245 meas
837 2210 970 2256 partes
1008 2207 1049 2243 in
1080 2207 1129 2244 iis
1161 2206 1274 2244 libris
1307 2206 1502 2254 copiosius
1536 2206 1714 2243 defensas
1748 2217 1829 2243 esse

115 2278 234 2314 quam
273 2278 380 2314 suas,
422 2267 527 2316 quod
565 2267 786 2305 mehercule
825 2279 903 2304 non
942 2278 1023 2304 esse
1060 2266 1283 2315 intelleges,
1323 2267 1355 2302 si
1397 2265 1555 2314 quando
1588 2267 1628 2302 in
1662 2265 1827 2314 Epirum

114 2326 268 2363 ueneris
296 2347 349 2350 —
378 2339 470 2363 nam
495 2339 597 2363 nunc
624 2326 827 2364 Alexionis
854 2325 1035 2374 epistulis
1062 2325 1246 2363 cedimus.
1307 2325 1373 2362 sed
1399 2329 1533 2362 tamen
1560 2338 1632 2374 ego
1658 2337 1737 2362 non
1763 2325 1828 2362 de·
1876 2349 1886 2361 ›

113 2397 226 2433 spero
258 2385 471 2433 probatum
502 2385 553 2422 iri
577 2386 760 2433 Varroni,
792 2388 830 2423 et
862 2385 914 2432 id,
948 2385 1135 2434 quoniam
1165 2387 1384 2433 impensam
1417 2386 1582 2422 fecimus
1612 2385 1652 2421 in
1678 2396 1828 2422 macro-

113 2444 227 2492 colla,
260 2445 375 2482 facile
407 2447 540 2493 patior
570 2446 706 2483 teneri.
765 2444 832 2482 sed
864 2445 986 2482 etiam
1019 2448 1138 2494 atque
1171 2446 1292 2482 etiam
1318 2444 1416 2491 dico,
1449 2448 1517 2481 tuo
1543 2444 1717 2493 periculo
1744 2443 1828 2492 fiet,

113 2516 246 2553 quare,
273 2505 306 2541 si
333 2504 555 2552 addubitas,
583 2505 630 2542 ad
651 2505 820 2542 Brutum
845 2506 1104 2552 transeamus,
1132 2510 1189 2541 est
1217 2505 1321 2541 enim
1347 2505 1381 2541 is
1402 2516 1559 2553 quoque
1579 2503 1826 2541 Antioc-hius.

113 2574 134 2599 0
161 2563 416 2601 Academiam
442 2564 655 2602 uolaticam
683 2566 722 2601 et
748 2564 810 2602 sui
837 2564 1018 2610 similem,
1045 2564 1160 2601 modo
1186 2564 1263 2601 huc
1288 2563 1404 2601 modo
1431 2564 1539 2600 illuc.
1585 2562 1652 2600 sed
1678 2575 1827 2612 quaeso

113 2621 286 2670 epistula
317 2636 404 2661 mea
436 2623 486 2661 ad
508 2624 728 2661 Varronem
759 2623 928 2661 ualdene
961 2624 1035 2661 tibi
1066 2621 1246 2672 placuit?
1276 2622 1379 2660 male
1412 2623 1465 2659 mi
1498 2624 1551 2660 sit
1576 2623 1610 2660 si
1635 2634 1825 2671 umquam
1846 2639 1858 2660 4

113 2680 326 2730 quicquam
361 2686 445 2720 tam
483 2681 524 2720 ἐν
555 2681 754 2737 παρέργῳς
792 2686 835 2720 at
867 2696 938 2733 ego
971 2696 1020 2720 ne
1052 2682 1189 2720 Tironi
1222 2682 1379 2731 quidem
1412 2682 1580 2729 dictaui,
1621 2681 1688 2731 qui
1719 2684 1826 2719 totas

114 2738 294 2790 περιοχὰς
324 2744 508 2791 persequi
540 2743 650 2789 solet,
683 2742 750 2780 sed
783 2742 998 2791 Spintharo
1031 2742 1271 2791 syllabatim.

231 2799 285 2836 ad
314 2799 485 2839 Atticum
517 2814 590 2839 xm
623 2803 718 2849 352
746 2815 791 2839 111
823 2802 886 2839 Id.
921 2802 1048 2850 Quini.
1081 2814 1126 2840 ea?
1162 2802 1382 2838 Tusculano
1417 2801 1584 2838 Varroni
1617 2800 1754 2838 scribis
1786 2802 1825 2837 te

232 2928 250 2957 ’ἶ
277 2924 387 2958 huius
415 2925 620 2960 Lambinus
654 2927 732 2960 eius
761 2927 948 2962 Meclieens
981 2926 1083 2960 illius
1110 2927 1341 2961 Harlee'anns
1366 2931 1397 2960 ct
1424 2927 1634 2967 Palatinus,
1669 2925 1725 2959 del
1751 2925 1824 2959 Er-

111 2977 233 3007 nestas
403 2976 444 3006 19
472 2973 579 3006 nobis
606 2976 642 3007 et
668 2975 767 3008 inter
787 2975 990 3009 Manutius
1158 2977 1202 3007 34
1229 2985 1302 3007 non
1324 2984 1402 3008 esse
1429 2973 1618 3017 intelliges
1647 2973 1734 3007 ZcZ
1755 2973 1824 3006 int.

110 3030 183 3052 non
211 3030 290 3053 esse
317 3023 350 3053 ..1
495 3024 537 3054 41
567 3021 688 3054 enitar
714 3032 800 3065 crgo
829 3023 868 3055 at
893 3032 962 3066 ego
989 3022 1072 3056 ZM
1104 3021 1234 3055 enitar.
1256 3020 1404 3065 Ἔργον.
1444 3023 1493 3054 At
1519 3031 1588 3065 ego
1615 3021 1825 3054 (leem-tatus

112 3067 219 3102 Bosiz'
243 3070 282 3101 at
302 3077 371 3112 ego
397 3068 454 3102 dcl
474 3068 648 3110 Bootia35
675 3069 714 3102 ἐν
733 3068 925 3113 παρέργῳ;
952 3071 991 3102 at
1011 3080 1080 3113 ego
1107 3069 1347 3103 Buecheler-us
1374 3080 1461 3103 nms.
1491 3069 1604 3103 Rhen.
1634 3080 1704 3101 nvn
1727 3071 1823 3102 3268

112 3115 312 3159 ingeniose,
347 3116 422 3149 nisi
452 3115 548 3159 qnod
579 3116 631 3149 sic
655 3117 782 3159 potius
812 3116 994 3161 intelleyo,
1028 3116 1229 3150 Ciceronem
1268 3118 1437 3160 quamuis
1463 3119 1674 3160 occupatum
1702 3119 1821 3149 tamen

108 3172 249 3196 smnma
275 3173 364 3197 cura
391 3163 582 3206 epistulam
610 3162 767 3197 edolasse

1858 850 1890 876 10

1856 1147 1891 1172 15

1855 1444 1888 1469 20

1854 1746 1891 1770 25
