2211 3653
817 190 1122 227 ACADEMicvs
1150 193 1182 227 11
1796 202 1852 243 59

142 294 181 334 si
212 294 380 348 quando
413 296 526 337 enim
555 311 632 338 nos
659 297 936 341 demersimus
964 303 1011 341 ut
1038 301 1111 355 qui
1137 303 1374 357 minantur,
1406 308 1480 346 aut
1509 306 1618 349 nihil
1650 323 1850 364 superum

140 366 216 405 aut
248 365 426 407 obscure
459 367 687 410 admodum
721 370 932 411 cernimus

983 430 1007 456 ηε

139 482 296 536 quibus
328 485 456 526 etiam
490 486 700 528 alabaster
731 486 881 541 plenus
915 491 1122 544 unguenti
1155 495 1279 545 putre
1312 507 1402 535 esse
1435 495 1606 538 uidetur

983 565 1007 590 ἧς

137 643 247 669 61101
274 660 280 666 .
303 660 309 667 .
333 659 340 666 .
367 627 460 665 falsi
492 639 562 675 pro
595 639 688 665 uero
722 627 956 676 approbatio
979 683 1003 709 ἢ,

135 748 238 786 nihil
269 747 317 785 ab
350 746 506 782 homine
532 745 682 794 percipi
714 757 839 794 posse,
871 746 1050 795 nihilque
1083 761 1284 787 remanere
1316 752 1488 800 sapienti
1519 754 1595 792 nisi
1626 755 1847 806 diligentis-

134 808 275 846 simam
295 804 593 854 inquisitionem
613 804 794 842 ueritatis
815 807 1024 854 propterea
1045 807 1138 855 quia
1165 807 1199 845 si
1217 809 1378 848 incertis
1405 811 1521 850 rebus
1543 817 1644 851 esset
1664 827 1845 853 assensus

134 867 256 905 etiam
293 866 327 903 si
364 865 531 902 fortasse
566 875 682 901 uerae
720 864 849 901 forent
884 865 1046 902 liberari
1077 879 1205 905 errore
1242 880 1319 906 non
1358 873 1507 918 posset,
1544 885 1645 921 quae
1673 876 1846 912 maxima

133 928 193 964 est
224 925 340 973 culpa
373 924 564 971 sapientis
977 956 1001 981 ἦς

133 1031 240 1072 quae
272 1030 368 1057 cum
401 1013 682 1055 similitudine
714 1014 805 1054 ueri
837 1015 1060 1056 concinere
1092 1017 1275 1060 maxime
1308 1019 1389 1060 sibi
1422 1020 1640 1064 uideretur

976 1091 1000 1117 εκ

129 1156 334 1207 probabile
372 1155 435 1191 uel
473 1155 558 1191 ueri
595 1153 793 1191 simile..
823 1183 860 1201 .‚
899 1154 1004 1203 quod
1048 1168 1117 1194 nos
1157 1157 1206 1194 ad
1247 1159 1443 1208 agendum
1484 1162 1567 1199 sine
1609 1163 1841 1202 adsensione

250 1262 280 1291 1.
296 1261 315 1291 2
333 1256 394 1299 (fr.
413 1258 472 1298 10)
494 1255 724 1299 Noniusp.
741 1258 809 1288 474
829 1255 1027 1290 urinantur
1047 1256 1173 1292 Cicero
1194 1258 1234 1292 in
1254 1259 1488 1296 Academicis
1509 1262 1572 1297 lib.
1589 1276 1615 1297 11
1632 1263 1678 1297 ‘si
1696 1293 1700 1298 .
1719 1292 1724 1298 .
1743 1294 1748 1299 .
1765 1276 1841 1300 cer-

127 1305 264 1340 nimus’
384 1308 401 1337 1
425 1302 640 1337 demisimus
660 1301 834 1347 Siyouius
955 1307 974 1337 3
998 1304 1060 1346 (fr.
1084 1308 1143 1348 11)
1165 1306 1209 1340 N
1212 1308 1344 1342 ouius
1359 1319 1396 1352 p.
1415 1313 1482 1343 545
1506 1310 1695 1346 alabaster
1715 1311 1840 1347 Cicero

126 1352 436 1388 Academicorum
455 1349 519 1383 lib.
536 1363 563 1383 11
585 1348 734 1393 ‘quibus
752 1378 757 1383 .
776 1378 782 1383 .
805 1350 1003 1385 .uidetur’.
1025 1352 1198 1388 barbaros
1211 1355 1353 1398 aliquos
1367 1356 1467 1399 dicit,
1480 1359 1700 1400 cfHerodot.
1715 1372 1757 1393 111
1772 1364 1841 1395 22s

125 1402 224 1436 Plut.
246 1400 333 1434 adu.
357 1399 430 1434 Col.
444 1402 464 1431 4
482 1409 518 1442 p.
536 1400 626 1431 1109
639 1398 675 1431 Β
796 1399 924 1441 putrer
944 1400 1103 1443 (putret)
1125 1411 1205 1434 esse
1225 1402 1298 1437 dett
1316 1404 1426 1447 puter
1445 1415 1524 1440 esse
1544 1406 1601 1440 tbr
1620 1407 1739 1450 putris
1760 1418 1839 1443 esse

122 1449 159 1484 ci
181 1447 394 1483 Gerlach-ius
414 1446 544 1489 putere
571 1446 664 1479 Pius
689 1456 724 1478 m
744 1447 893 1488 putrere
914 1446 958 1480 L.
982 1447 1184 1483 Muellerus
1307 1450 1482 1486 uideatur
1502 1453 1644 1488 Aldina
1665 1455 1786 1489 Nonii
1804 1467 1837 1489 m

268 1498 289 1528 4
309 1494 543 1539 Auyustinus
562 1504 589 1527 c.
605 1492 720 1526 Acad.
736 1505 748 1525 1
763 1497 841 1534 4,ss
860 1493 972 1528 «audi
988 1504 1097 1538 ergo»
1114 1494 1238 1538 inquit
1253 1497 1475 1543 (Liceutz'us)
1492 1501 1616 1544 «quod
1630 1501 1710 1536 11611
1725 1502 1838 1537 etiam

123 1543 197 1578 nisi
222 1541 494 1577 intercessisses
520 1539 777 1584 protulissem:
812 1550 912 1574 error
938 1541 1042 1585 (cfp.
1065 1545 1144 1583 55‚9
1167 1544 1311 1579 Lucull.
1334 1549 1454 1588 ·20‚66)
1476 1547 1568 1581 mihi
1589 1548 1739 1583 uidetur
1758 1560 1838 1585 esse

122 1590 211 1625 falsi
237 1600 303 1634 pro
328 1599 417 1623 uero
444 1587 684 1632 approbatio;
710 1587 748 1621 in
775 1598 886 1631 quem
912 1587 1014 1622 nullo
1041 1592 1153 1633 pacto
1180 1590 1315 1626 incidit
1341 1593 1406 1637 qui
1432 1595 1632 1629 ueritatem
1657 1608 1837 1640 quaeren-

122 1639 210 1672 dam
236 1648 380 1680 semper
405 1635 603 1670 existimat.
656 1634 791 1669 falsum
818 1635 917 1669 enim
943 1635 1099 1679 probare
1126 1648 1200 1672 non
1226 1641 1351 1683 potest
1378 1641 1443 1684 qui
1468 1642 1604 1686 probat
1629 1644 1741 1685 nihil;
1763 1656 1836 1679 non

122 1686 239 1731 igitur
258 1686 383 1729 potest
403 1694 534 1725 errare,
555 1683 686 1717 beatus
712 1684 838 1717 autem
859 1693 937 1717 esse
958 1683 1138 1719 facillime
1165 1688 1298 1729 potest.
1327 1689 1369 1730 cf
1382 1689 1469 1724 ibid.
1490 1693 1570 1732 934
1587 1692 1837 1737 (Auyzcstinus

120 1734 162 1768 iu
186 1732 502 1777 recapitulatione)
530 1730 595 1764 ubi
622 1730 721 1764 enim
748 1740 871 1764 arcem
896 1730 1115 1766 locauerunt
1141 1733 1356 1769 Academici
1457 1737 1529 1771 nisi
1556 1738 1595 1771 in
1615 1740 1748 1773 erroris
1773 1740 1834 1775 de-

120 1781 315 1815 finitione?
461 1782 526 1812 588
553 1779 785 1822 Auyustiuus
804 1789 832 1812 c.
854 1778 969 1813 Acad.
992 1792 1004 1812 1
1025 1782 1080 1821 3‚7
1108 1779 1252 1824 placuit
1274 1811 1279 1816 .
1298 1811 1303 1815 .
1330 1783 1497 1818 Ciceroni
1525 1787 1651 1820 nostro
1683 1786 1835 1822 beatum

118 1840 199 1863 esse
226 1827 290 1872 qui
315 1826 515 1860 ueritatem
540 1825 748 1871 inuestigat
780 1825 894 1859 etiam
930 1826 960 1860 si
987 1827 1034 1860 ad
1062 1827 1140 1861 eius
1167 1828 1424 1866 inuentionem
1451 1843 1523 1866 non
1551 1833 1678 1868 ualeat
1704 1846 1833 1878 perue-

118 1876 199 1910 nire
302 1874 385 1918 quis
412 1874 562 1918 ignorat
588 1883 673 1906 eum
698 1872 902 1907 affirmasse
929 1874 1170 1909 uehementer
1199 1876 1294 1910 nihil
1320 1889 1386 1922 eqs.
1407 1880 1450 1921 cf
1464 1892 1491 1913 11
1512 1884 1603 1920 5,11.
1630 1882 1680 1916 ad
1693 1883 1832 1917 Acade-

118 1925 227 1958 mieos
246 1934 287 1957 ea
307 1933 398 1966 qaae
417 1932 531 1966 supra
546 1922 658 1965 posui
676 1921 792 1955 redire
811 1932 891 1955 cum
910 1921 1074 1956 Hirzelio
1098 1922 1108 1938 ⁸
1120 1923 1326 1959 Untersucb.
1342 1937 1388 1960 zu
1405 1927 1476 1962 Cic.
1486 1929 1618 1972 philos.
1633 1929 1830 1972 Schriften'

115 1984 159 2004 111
181 1974 248 2005 297
276 1970 361 2004 adn.
385 1973 404 2003 2
430 1969 546 2004 statui
570 1969 612 2002 de
639 1968 834 2003 Hortensio
860 1968 1005 2014 dialogo
1026 1972 1122 2012 813,·
1153 1972 1371 2008 aduersatus
1396 1978 1447 2009 est
1475 1976 1702 2011 Ohlmamvus
1728 1978 1770 2012 de
1795 1979 1830 2013 S.

114 2018 323 2063 Auyustini
347 2016 505 2061 dialogis
530 2017 571 2050 i„
599 2016 802 2050 Cassiciaco
827 2017 972 2060 scriptis
999 2017 1101 2055 (diss.
1123 2019 1273 2064 Aryent.
1297 2023 1404 2064 1897)
1429 2025 1471 2056 36
1483 2033 1518 2057 ss
1666 2028 1685 2058 9
1708 2026 1769 2067 (fr.
1793 2029 1829 2069 2)

116 2066 161 2101 N
164 2067 296 2101 onius
315 2076 353 2109 p.
376 2067 420 2097 43
454 2063 676 2098 concinnare
703 2065 759 2097 est
784 2063 908 2097 facere
936 2091 943 2097 .
966 2092 972 2097 .
996 2092 1001 2097 .
1029 2066 1129 2099 recte
1157 2068 1283 2101 autem
1310 2069 1532 2103 concinnare
1559 2071 1596 2105 et
1623 2073 1830 2107 consentire

111 2112 286 2157 intellegi
320 2113 445 2156 potest
476 2110 584 2155 quasi
617 2121 846 2145 concennare
881 2112 948 2153 (sic
968 2123 1018 2155 pr
1037 2112 1153 2147 Leid:
1188 2115 1381 2150 concinere
1415 2117 1519 2159 Wolf
1544 2119 1764 2155 concentare
1797 2123 1832 2155 ci

116 2161 360 2205 Lindsayus),
386 2160 428 2193 ut
453 2157 582 2192 multis
603 2158 748 2192 diuerso
769 2158 989 2193 canentibus
1010 2171 1104 2194 unus
1125 2160 1286 2195 efficitur
1306 2163 1448 2198 modus.
1489 2164 1644 2199 Plautus
1666 2166 1830 2201 asinaria

115 2210 211 2252 (216)
234 2235 240 2242 .
258 2236 264 2241 .
281 2235 287 2241 .
305 2235 311 2240 .
328 2200 335 2240 ’.
350 2206 398 2240 Μ.
413 2205 559 2240 Tullius
580 2205 626 2240 de
646 2205 781 2239 finibus
803 2205 984 2240 bonorum
1004 2208 1041 2241 et
1061 2207 1244 2242 malorum
1264 2209 1328 2244 lib.
1349 2223 1386 2244 1v
1406 2214 1538 2255 (2250)
1567 2213 1667 2248 ‘cum
1693 2214 1724 2249 is
1747 2226 1830 2249 cum

112 2255 250 2299 quibus
282 2265 321 2288 re
354 2254 576 2289 concinebat
606 2252 759 2287 uerbis
793 2252 1031 2297 discrepare'.
1078 2254 1179 2289 idem
1204 2256 1242 2290 in
1269 2257 1578 2294 Academicorum
1613 2262 1829 2303 (naeadami

114 2303 224 2346 Leid)
244 2301 308 2336 lib.
325 2315 351 2335 11
373 2303 441 2344 (sic
454 2301 565 2336 Leid:
579 2314 591 2334 1
612 2301 730 2344 Wolf)
755 2301 866 2344 ‘quae
888 2328 894 2335 .
913 2329 918 2334 .
936 2329 941 2334 .
966 2301 1183 2337 uideretur'.
1222 2304 1468 2350 fraymentum
1488 2308 1538 2341 ad
1558 2309 1732 2344 Antiochi
1749 2322 1829 2345 sen-

113 2352 262 2385 teutiam
288 2350 330 2384 de
355 2354 469 2384 uetere
495 2349 695 2383 Academia
720 2351 752 2383 et
774 2348 905 2383 Stoicis
930 2349 1025 2383 iuter
1049 2361 1084 2384 se
1109 2353 1413 2388 consentientibus
1437 2356 1595 2397 referens
1619 2357 1710 2392 libro
1730 2370 1743 2391 1
1763 2359 1827 2392 tri-

112 2399 243 2433 buebat
268 2397 463 2432 Kriscbius
481 2399 602 2441 p.180
620 2398 699 2439 (54)
727 2396 839 2438 tbmr;
864 2397 1023 2441 intelleye
1044 2399 1169 2440 potius
1195 2397 1403 2435 Carneades
1431 2401 1591 2436 docebat
1617 2404 1825 2448 sapientem

110 2456 196 2480 eam
233 2444 417 2479 uisionem
455 2445 669 2478 secuturum
701 2453 796 2487 quae
825 2471 830 2476 .
855 2471 860 2476 .
884 2471 890 2477 .
917 2443 1127 2487 uideretur,
1160 2447 1202 2489 cf
1228 2447 1372 2483 Lucull.
1405 2452 1519 2491 31,99.
1555 2454 1692 2493 34,107.
1723 2455 1824 2496 11,36

106 2504 145 2538 p.
167 2496 340 2535 32,12.27
375 2493 608 2537 Augustinus
638 2503 666 2526 c.
694 2491 809 2526 Acad.
831 2503 859 2524 11
879 2494 958 2533 5‚12
991 2503 1034 2525 111
1057 2496 1122 2533 1,1.
1147 2496 1249 2537 18‚40
1425 2497 1489 2540 qui
1522 2509 1605 2532 cum
1640 2499 1744 2542 Wolf
1769 2501 1825 2535 tbr

108 2540 260 2584 quicum
281 2551 324 2575 eoe
344 2540 476 2574 Halmi
499 2540 676 2574 sententia
696 2551 731 2573 m
874 2538 956 2573 ueri
975 2540 1009 2573 ci
1028 2539 1244 2586 Lindsayus
1263 2543 1369 2577 uerbi
1396 2544 1483 2579 libri
1501 2546 1594 2580 tbmr
1738 2558 1824 2581 con-

108 2587 259 2621 cinnere
278 2587 373 2622 Leid
398 2587 593 2622 concinere
620 2587 729 2629 Wolf,
755 2597 798 2621 ex
824 2585 1046 2621 concinnare
1073 2588 1174 2623 Harl
1324 2591 1484 2627 maxime
1510 2603 1566 2627 om
1588 2593 1682 2628 Leid

112 2638 202 2670 loss
235 2636 296 2679 (fr.
319 2638 361 2668 33
386 2636 442 2670 tbr
469 2638 511 2668 19
532 2638 582 2679 m)
618 2635 851 2680 Auqustinus
880 2645 908 2668 c.
935 2634 1052 2668 Acad.
1078 2647 1106 2668 11
1135 2639 1237 2677 11‚26
1270 2638 1466 2681 probabile
1498 2640 1558 2674 uel
1589 2641 1669 2675 ueri
1702 2641 1822 2676 simile

109 2682 326 2716 Academici
357 2683 511 2727 uocant,
546 2681 646 2726 quod
769 2691 924 2725 agamus
956 2682 1092 2715 tamen.
1138 2684 1180 2717 ut
1211 2684 1317 2718 uerbi
1350 2696 1462 2720 causa
1494 2688 1618 2722 utrum
1648 2688 1822 2723 hesterna

109 2731 219 2763 nocte
251 2731 328 2763 tam
353 2729 499 2774 liquida
531 2740 574 2764 ac
600 2741 693 2773 pura
718 2728 830 2762 hodie
855 2729 934 2762 tam
959 2728 1081 2763 laetus
1109 2729 1163 2764 sol
1191 2732 1416 2778 exort[ur]us
1448 2735 1545 2768 esset
1571 2735 1601 2769 si
1628 2747 1694 2770 nos
1721 2737 1820 2780 quis-

108 2776 212 2820 piam
237 2778 396 2822 rogmet,
417 2777 526 2812 credo
547 2777 679 2823 [quod]
700 2776 739 2810 id
759 2786 826 2810 nos
848 2776 940 2810 scire
963 2786 1196 2821 negaremus,
1224 2778 1430 2815 diceremus
1455 2783 1583 2816 tamen
1608 2782 1662 2817 ita
1688 2783 1819 2819 uideri.

110 2822 233 2857 ‘talia’
261 2824 384 2867 inquit
402 2824 648 2859 Academicus
676 2823 784 2858 ‘mihi
810 2823 986 2858 uidentur
1007 2852 1012 2858 .
1036 2851 1042 2857 .
1067 2853 1073 2858 .
1096 2825 1330 2869 sapientem)
1362 2855 1519 2863 ......
1558 2830 1648 2872 quid
1677 2832 1820 2875 putatis

106 2870 262 2914 inquam
288 2870 518 2915 Ciceronem,
551 2872 655 2906 cuius
680 2871 774 2906 haec
799 2870 915 2905 uerba
941 2872 1044 2913 sunt,
1077 2871 1227 2916 inopem
1253 2873 1367 2909 fuisse
1394 2875 1551 2911 Latinae
1577 2876 1744 2922 linguae,
1778 2881 1820 2913 ut

107 2918 229 2952 minus
262 2920 352 2963 apta
383 2918 493 2953 rebus
525 2930 617 2963 quas
650 2918 836 2953 sentiebat
868 2918 1019 2952 nomina
1051 2918 1282 2963 imponeret?
1320 2923 1363 2965 cf
1382 2923 1469 2957 ibid.
1493 2927 1596 2966 10,24
1625 2927 1816 2971 (Alypius)

104 2965 302 3000 uideamus
328 2976 467 3009 quaeso
492 2966 594 3010 prius
620 2977 666 3000 ne
692 2977 758 3010 per
783 2965 879 2999 hanc
899 2965 1157 3009 quaestionem
1177 2993 1186 3003 .
1205 2995 1232 3001 ..
1256 2968 1294 3002 in
1318 2969 1422 3003 uerbi
1444 2972 1735 3007 controuersiam
1755 2974 1818 3008 de-

106 3013 292 3056 cidamus,
319 3013 418 3058 quod
444 3016 481 3048 te
507 3013 588 3058 ipso
615 3013 830 3047 insinuante
857 3014 894 3047 et
921 3015 982 3055 (ex
1002 3013 1085 3056 edd)
1114 3015 1338 3050 auctoritate
1364 3016 1431 3051 illa
1451 3017 1625 3053 Tulliana
1645 3021 1818 3065 turpissi-

105 3072 207 3094 mum
239 3071 317 3095 esse
351 3071 462 3105 saepe
488 3061 648 3096 confessi
675 3072 825 3102 sumus;
858 3063 960 3102 11,ἳὸ
985 3061 1206 3104 (Licentius)
1235 3073 1347 3107 saepe
1379 3064 1444 3099 abs
1477 3067 1515 3100 te
1547 3066 1677 3101 audiui
1708 3069 1816 3113 turpe

105 3118 185 3142 esse
212 3108 492 3153 disputantibus
518 3109 558 3142 in
583 3107 782 3143 uerborum
808 3107 1025 3151 quaestione
1051 3107 1257 3152 immorari,
1286 3121 1370 3145 cum
1397 3113 1584 3147 certamen
1604 3114 1749 3149 nullum
1770 3116 1816 3150 de

103 3154 213 3190 rebus
239 3156 469 3191 remanserit.
508 3157 596 3200 cfp.
619 3158 748 3198 63‚163

1865 1182 1896 1206 10
