2211 3653
27 1600 70 1631 88

107 200 227 234 Cicero
723 196 969 231 LVUVLLVS
996 201 1194 241 estse—88
1728 198 1811 239 115

105 321 182 348 nos
214 321 300 348 non
331 307 539 348 uidemus’
575 310 615 347 et
648 306 790 347 ‘simul
818 306 986 348 inflauit
1012 306 1171 348 tibicen
1204 322 1227 347 a
1252 307 1390 361 perito
1421 321 1587 348 carmen
1621 306 1810 348 adnosci-

104 378 199 418 tur’.
264 377 365 432 quid
397 378 477 418 hoc
510 392 649 418 nonne
682 377 852 419 uidetur
884 381 1032 419 contra
1063 380 1105 418 te
1138 379 1290 432 ualere,
1326 378 1359 418 si
1393 378 1482 418 sine
1515 377 1680 433 magnis
1712 378 1811 418 arti-

103 448 224 502 ficiis,
255 448 307 490 ad
341 462 448 502 quae
480 448 603 503 pauci
637 448 853 502 accedunt,
886 449 1023 489 nostri
1056 449 1227 502 quidem
1260 449 1425 503 generis
1458 448 1696 502 admodum,
1734 463 1812 490 nec

102 520 246 561 uidere
278 534 356 561 nec
381 519 526 561 audire
552 520 776 574 possimus.
827 519 917 561 Iam
945 519 1019 560 illa
1046 521 1278 574 praeclara,
1305 523 1464 574 quanto
1492 520 1673 561 artificio
1701 522 1811 560 esset

104 605 252 632 sensus
287 594 457 632 nostros
495 593 766 646 mentemque
805 594 846 632 et
883 594 1016 633 totam
1059 593 1419 633 constructionem
1458 592 1644 632 hominis
1682 591 1811 632 fabri-

104 665 198 704 cata
226 665 378 703 natura
406 687 459 691 —
485 661 488 681 ³
515 677 590 704 cur
608 677 693 704 non
726 662 997 704 extimescam
1028 662 1230 716 opinandi
1260 663 1579 704 temeritatem?
1629 662 1811 703 etiamne

102 733 184 775 hoc
210 733 431 775 adfirmare
458 736 579 788 potes
599 734 787 787 Luculle,
814 748 904 774 esse
932 733 1118 787 aliquam
1145 734 1245 786 uim,
1273 747 1368 774 cum
1396 733 1621 787 prudentia
1648 736 1689 774 et
1714 747 1810 774 con-

102 804 197 847 silio
238 804 413 857 scilicet,
452 819 560 859 quae
592 805 764 846 finxerit
797 806 865 845 uel
897 807 944 845 ut
978 807 1051 845 tuo
1085 804 1217 845 uerbo
1250 807 1346 845 utar
1379 819 1485 858 quae
1517 805 1723 846 fabricata
1756 805 1812 845 sit

100 876 346 917 hominem?
401 875 538 930 qualis
559 877 641 916 ista
661 876 823 917 fabrica
844 878 919 929 est,
939 875 1012 916 ubi
1033 874 1235 929 adhibita,
1263 874 1431 929 quando
1453 890 1528 916 cur
1549 889 1632 929 quo
1654 874 1810 916 niodo?

101 949 339 988 tractantur
370 948 453 988 ista
485 947 716 1002 ingeniose,
749 947 1023 1001 disputantur
1056 947 1183 987 etiam
1217 946 1451 1002 eleganter3
1485 946 1665 1000 denique
1698 946 1811 987 uide-

100 1021 228 1059 antur
260 1032 371 1072 sane,
403 1033 454 1059 ne
487 1018 764 1060 adfirmentur
796 1019 934 1059 modo.
1005 1018 1078 1059 sed
1111 1017 1160 1058 de
1192 1017 1382 1072 physicis
1414 1031 1524 1071 mox,
1564 1020 1606 1058 et
1638 1017 1808 1071 quidem

101 1090 154 1131 ob
194 1104 285 1130 eam
325 1104 506 1143 causam,
544 1104 595 1130 ne
628 1093 687 1144 tu,
727 1090 799 1144 qui
833 1090 875 1130 id
908 1104 974 1130 me
1006 1090 1220 1131 facturum
1252 1088 1380 1143 paulo
1414 1092 1511 1130 ante
1544 1089 1712 1143 dixeris,
1751 1088 1810 1128 ui-

100 1161 222 1202 deare
255 1162 470 1202 mentitus.

219 1231 301 1274 Sed
333 1235 380 1273 ut
413 1232 465 1272 ad
497 1247 544 1274 ea
577 1247 684 1287 quae
718 1233 898 1274 clariora
923 1235 1022 1273 sunt
1049 1233 1232 1287 ueniam,
1263 1246 1330 1273 res
1356 1233 1440 1273 iam
1468 1232 1689 1272 uniuersas
1715 1246 1811 1285 pro-

98 1303 292 1358 fundam,
331 1304 380 1344 de
420 1304 575 1359 quibus
612 1303 834 1345 uolumina
875 1304 1037 1359 inpleta
1070 1305 1169 1344 sunt
1201 1318 1286 1344 non
1318 1318 1342 1344 a
1373 1304 1533 1344 nostris
1567 1301 1704 1343 solum
1737 1302 1809 1343 sed

99 1376 226 1417 etiam
258 1390 281 1416 a
314 1373 555 1430 Chrysippo
589 1374 658 1431 (de
693 1390 777 1429 quo
812 1376 931 1430 queri
965 1375 1104 1416 solent
1131 1374 1278 1429 Stoici,
1311 1374 1411 1415 dum
1445 1374 1633 1415 studiose
1667 1374 1810 1415 omnia

100 1446 376 1501 conquisierit
415 1449 563 1488 contra
601 1461 748 1488 sensus
787 1450 828 1488 et
867 1446 1213 1501 perspicuitatem
1247 1448 1478 1500 contraque
1511 1460 1680 1487 omnem
1713 1460 1810 1486 con-

100 1518 367 1559 suetudinem
401 1521 633 1572 contraque
666 1519 888 1572 rationem,
921 1519 1059 1573 ipsum
1094 1517 1175 1558 sibi
1208 1517 1533 1571 respondentem
1562 1517 1808 1558 inferiorem

98 1588 242 1643 fuisse,
281 1589 423 1644 itaque
461 1590 513 1630 ab
554 1604 602 1630 eo
642 1592 851 1631 armatum
889 1604 977 1630 esse
1012 1589 1305 1642 Carneadem);
1344 1603 1392 1630 ea
1425 1591 1525 1630 sunt
1557 1588 1648 1629 eius
1682 1587 1808 1641 modi,

99 1674 205 1714 quae
238 1675 261 1701 a
294 1663 334 1701 te
369 1659 697 1716 diligentissime
730 1662 911 1702 tractata
944 1663 1052 1702 sunt.

217 1731 531 1773 Dormientium
579 1735 621 1773 et
662 1732 981 1773 uinulentorum
1024 1734 1065 1772 et
1106 1732 1366 1773 furiosorum
1405 1731 1499 1771 uisa
1542 1730 1809 1772 inbecilliora

99 1817 188 1844 esse
221 1803 391 1845 dicebas
419 1818 545 1858 quam
572 1803 847 1859 uigilantium
876 1804 1085 1844 siccorum
1114 1817 1325 1844 sanorum.
1383 1817 1467 1858 quo
1496 1802 1652 1843 modo?
1709 1801 1809 1856 quia

98 1888 192 1914 cum
232 1877 504 1929 experrectus
544 1877 653 1916 esset
686 1874 853 1915 Ennius
892 1889 976 1915 non
1011 1873 1169 1915 diceret
1201 1889 1244 1915 se
1276 1874 1435 1915 uidisse
1467 1873 1703 1915 Homerum
1737 1872 1808 1913 sed

97 1945 237 1987 uisum
270 1960 376 1999 esse,
407 1945 584 1988 Alcmeo
618 1948 759 1987 autem
795 1946 883 1987 ‘sed
914 1945 1019 1987 mihi
1052 1961 1104 1986 ne
1137 1945 1331 2000 utiquam
1366 1960 1440 1986 cor
1472 1944 1722 1998 consentit'3
1755 1958 1786 1984 s]

96 2016 216 2058 milia
254 2017 303 2058 de
343 2017 588 2059 uinulentis.
659 2017 781 2071 quasi
822 2017 1046 2071 quisquam
1085 2020 1211 2072 neget
1249 2019 1291 2058 et
1329 2016 1402 2070 qui
1441 2018 1713 2070 experrectus
1751 2015 1807 2056 sit

97 2102 192 2129 eum
231 2102 313 2129 11011
353 2089 581 2142 somniare,
620 2092 661 2129 et
699 2089 817 2129 cuius
855 2088 975 2129 furor
1014 2088 1252 2129 consederit
1289 2091 1438 2141 putare
1476 2101 1562 2128 non
1593 2087 1726 2128 fuisse
1759 2101 1806 2127 ea

218 2210 234 2238 1
274 2205 440 2251 tiblcjna}
476 2207 596 2249 perito
636 2217 679 2240 eoe
718 2216 844 2239 wcenw
879 2207 909 2240 A
953 2168 1295 2250 t1b1‹cen‡la,pe1·1to
1334 2206 1366 2239 V
1399 2181 1727 2250 tibivcjnatperlto
1765 2215 1809 2237 eJ:

97 2275 224 2299 oecenm
247 2264 281 2298 Β
426 2256 592 2299 adnoscit
617 2276 695 2299 cum
724 2276 784 2299 ras
809 2276 889 2299 corr
916 2275 1019 2310 agno:
1046 2265 1159 2300 AVB
1314 2269 1333 2297 2
1360 2264 1636 2305 ualeresnsme,
1668 2274 1680 2296 1
1702 2263 1809 2306 prior

96 2324 112 2347 e
138 2323 218 2347 corr
243 2316 283 2346 ut
307 2312 391 2355 uid,
417 2312 435 2346 s
456 2313 631 2356 posterior
656 2313 687 2355 ft
713 2313 791 2353 red,
812 2313 901 2356 quid
925 2314 1038 2355 fuerit
1065 2324 1138 2347 non
1163 2313 1317 2357 dispicio
1343 2313 1378 2346 A
1518 2310 1689 2356 magmis
1706 2310 1750 2355 [1]
1772 2312 1807 2344 A

214 2364 235 2393 4
261 2371 457 2404 possumus
484 2360 556 2395 dett
582 2360 657 2395 Ven
801 2359 868 2394 illa
888 2372 927 2405 p.
949 2364 1028 2401 825>
1039 2372 1075 2395 33
1223 2364 1242 2394 5
1270 2360 1539 2394 constractione
1559 2371 1609 2404 pr
1637 2359 1670 2393 V

97 2411 116 2442 6
143 2407 394 2442 temeritatem
419 2408 461 2450 cf
477 2419 513 2451 p.
536 2411 591 2451 83,
595 2410 615 2441 8
787 2412 804 2442 7
833 2407 955 2452 potes*
979 2408 1025 2454 [t]
1053 2408 1087 2442 V
1253 2411 1273 2442 8
1299 2410 1364 2442 tuo
1390 2407 1503 2442 uerbo
1523 2419 1561 2451 p.
1584 2411 1662 2450 82¹.)

95 2457 336 2521 fabrlcatafxlt,
361 2479 475 2522 fuisse
499 2479 566 2514 uid
592 2480 662 2513 sta
682 2490 700 2513 e
722 2480 755 2513 A
892 2483 911 2512 9
941 2478 1085 2513 fabrica
1105 2479 1174 2522 est,
1202 2479 1255 2513 est
1280 2480 1321 2513 in
1346 2490 1408 2513 ras
1428 2480 1545 2523 paulo
1571 2479 1746 2532 ampliore
1771 2479 1807 2512 A

216 2542 259 2572 10
291 2538 501 2583 lngemole
521 2539 579 2585 [ed
613 2538 671 2572 dis
692 2541 875 2583 putantur
899 2550 944 2573 eoe
968 2539 1136 2583 ingemo!
1156 2538 1217 2572 sed
1243 2538 1302 2573 b1s
1319 2556 1345 2566 ω
1374 2539 1405 2572 V
1551 2537 1701 2581 elegant
1726 2548 1807 2571 cum

95 2632 157 2656 ras
182 2633 226 2655 ex
251 2612 297 2655 <vt
316 2622 352 2656 A
385 2605 476 2664 oetfir
497 2623 531 2657 V
673 2626 713 2655 11
737 2622 820 2656 sede
840 2621 1001 2667 thslcls
1022 2625 1211 2666 (punctum
1227 2625 1290 2666 pr)
1314 2622 1348 2655 B
1476 2632 1560 2655 mox
1576 2634 1614 2665 p.
1633 2624 1758 2663 133,13
1771 2632 1806 2655 ss

216 2708 258 2737 12
280 2677 370 2748 quill
390 2716 449 2739 me
470 2706 506 2739 B
525 2707 648 2748 qunbe
668 2717 727 2739 me
749 2707 782 2739 A
803 2717 867 2749 qui
888 2705 987 2739 ldem
1008 2715 1066 2739 me
1093 2704 1126 2736 V
1244 2704 1380 2738 dixeris
1401 2716 1437 2748 p.
1451 2708 1506 2748 95,
1498 2708 1578 2777 ,ΜΞ
1580 2708 1635 2745 96,
1640 2707 1659 2737 5

98 2791 140 2821 14
164 2798 246 2831 quae
273 2799 316 2822 ex
341 2798 416 2831 qua
441 2789 515 2822 AB
549 2799 622 2831 qua
647 2799 728 2823 corr
753 2799 844 2832 qua,
876 2789 1004 2822 demde
1035 2800 1092 2822 rec
1124 2799 1205 2831 quae
1244 2789 1277 2822 V
1454 2792 1496 2822 15
1531 2788 1589 2834 sed
1626 2788 1661 2821 B

97 2839 139 2869 16
167 2834 373 2880 Chrysippo
400 2836 618 2880 cfp.108,4
760 2839 802 2870 17
830 2835 1076 2879 conqueslent
1099 2836 1134 2869 B
1256 2837 1444 2879 econtraq
1468 2836 1501 2870 V
1644 2838 1686 2868 18
1713 2835 1803 2869 Plu-

96 2883 241 2918 tarchus
272 2883 314 2917 de
345 2883 452 2918 Stoic.
480 2894 630 2927 Jepuyn.
654 2886 696 2916 10
720 2895 758 2927 p
784 2883 1145 2928 1(136(’βουληθεις
1178 2880 1292 2922 αὖθις
1324 2888 1512 2917 συνειπεῖν
1543 2896 1586 2928 τῃ
1621 2879 1803 2929 συνηθειᾳ

96 2930 159 2964 καὶ
184 2936 265 2970 ταῖς
292 2929 508 2974 αἰσθήσεσιν
535 2929 763 2973 ἐνδεέστερος
782 2930 934 2975 γέγονεν
954 2930 1088 2964 ἑαυτοῦ
1216 2929 1295 2974 ipsi]
1317 2942 1397 2965 (1·011·
1417 2944 1452 2958 ω
1448 2935 1469 2963 ξι
1495 2930 1524 2963 V
1651 2932 1694 2962 20
1716 2917 1802 2971 adte

96 2978 169 3012 AB
302 2979 423 3012 tracta
442 2989 492 3022 pr
505 2978 580 3012 AB
718 2979 882 3012 tractata
909 2980 995 3011 sunt
1015 2990 1053 3022 p
1071 2980 1174 3020 90,12
1185 2989 1220 3012 33
1350 2981 1392 3011 22
1421 2978 1572 3011 dicebas
1595 2988 1631 3020 p.
1654 2980 1757 3017 1.3,19
1768 2988 1804 3010 ss

216 3028 258 3058 23
285 3024 426 3058 Ennius
453 3025 494 3067 cf
509 3036 546 3068 p.
569 3027 672 3067 93,14
866 3029 909 3058 24
937 3025 1152 3059 coniciebant
1186 3025 1315 3059 uidere
1346 3025 1469 3058 uisum
1501 3034 1598 3066 esse,
1632 3024 1693 3058 sed
1720 3024 1803 3058 uide

92 3084 128 3115 p
146 3076 270 3115 93,14;
296 3084 345 3107 an
370 3072 493 3106 uisum
521 3082 599 3105 esse
627 3072 785 3106 adesse?
926 3071 1076 3105 Alcmeo
1104 3073 1197 3115 cfp.
1212 3075 1267 3114 94,
1272 3075 1289 3105 7
1437 3076 1480 3105 26
1508 3071 1688 3114 somniare
1720 3072 1746 3103 l
1771 3076 1803 3106 et

97 3120 148 3154 eta
169 3119 307 3162 Faber,
333 3125 375 3154 ut
396 3121 529 3164 putare
549 3124 636 3154 esset
655 3117 729 3154 ἀπὸ
750 3125 879 3154 κοινοῦ
899 3120 990 3154 satis
1010 3121 1115 3161 dure,
1136 3130 1199 3153 nec
1218 3121 1340 3154 minus
1361 3119 1564 3153 somniasse
1586 3119 1801 3160 Lambinus,

97 3167 297 3201 somniasse
313 3178 350 3201 se
366 3179 419 3209 111,·
434 3167 577 3201 somnia
591 3167 661 3200 reri
677 3167 888 3202 abhorvente
904 3177 986 3201 uocae
1001 3167 1045 3201 ab
1063 3178 1128 3200 usu
1142 3179 1180 3207 r‚·
1196 3167 1339 3201 somnia
1354 3178 1420 3201 sua
1434 3167 1517 3201 uisa
1531 3168 1664 3210 putare
1680 3168 1749 3209 (ita
1764 3167 1800 3209 b)

1472 3226 1516 3260 8*

1830 963 1864 986 10

1829 1317 1862 1342 15

1828 1675 1861 1699 20

1827 2031 1860 2056 25
