2211 3653
628 211 690 246 DE
717 210 808 245 ACA
817 209 1005 244 DEMICIS
1032 208 1329 243 TESTIMONIA
1777 206 1832 248 29

122 328 241 364 τελῶν
279 324 462 371 σύνταξιν
499 336 592 362 sane
631 323 727 360 mihi
766 322 973 371 probatam
1006 322 1129 359 Bruto
1168 325 1210 359 ut
1249 321 1322 358 tibi
1356 321 1503 368 placuit
1542 319 1833 368 despondimus,

123 386 240 434 idque
272 387 317 422 tu
350 397 437 421 eum
462 397 541 422 non
572 383 676 421 nolle
708 383 806 419 mihi
838 381 1042 430 scripsisti.
1099 393 1190 430 ergo
1223 380 1333 417 illam
1362 375 1650 429 Ἀκαὸημικήν,
1682 379 1723 416 in
1757 391 1833 428 qua

124 444 302 483 homines
339 442 491 481 nobiles
528 442 589 480 illi
628 441 786 491 quidem
824 441 891 479 sed
932 441 1040 477 nullo
1083 440 1198 477 modo
1239 439 1433 489 philologi
1471 439 1588 476 nimis
1627 441 1739 475 acute
1779 438 1834 475 lo-

124 506 310 554 quuntur,
343 502 392 539 ad
417 502 636 539 Varronem
667 501 952 539 transferamus
989 521 1037 525 -—
1073 500 1219 537 etenim
1251 500 1343 536 sunt
1375 498 1598 544 Antiochia,
1632 509 1733 546 quae
1759 498 1834 535 iste

123 563 240 601 ualde
271 561 412 611 probat
444 583 508 607 —,
543 559 682 598 Catulo
715 563 754 598 et
786 559 950 597 Lucullo
985 558 1081 595 alibi
1112 570 1356 606 reponemus,
1389 559 1447 595 ita
1473 561 1606 594 tamen
1633 557 1666 593 si
1691 560 1736 594 tu
1762 557 1833 594 hoc

126 622 283 672 probas,
315 621 439 670 deque
473 633 516 658 eo
549 620 646 657 mihi
679 619 868 657 rescribas
900 618 1030 656 uelim.

243 681 295 718 ad
320 679 492 717 Atticum
518 691 590 716 xm
614 680 705 725 13,1
730 690 770 717 vt
792 678 851 716 uel
871 691 896 715 v
916 679 966 715 K.
989 677 1117 725 Quint.
1145 688 1189 714 er
1208 676 1395 723 Arpinati
1422 679 1639 713 commotus
1665 675 1744 712 tuis
1770 675 1836 712 lit—

122 742 230 787 teris,
263 739 367 788 quod
401 739 449 776 ad
481 752 542 776 me
569 739 616 776 de
643 738 819 775 Varrone
846 736 1070 785 scripseras,
1102 739 1228 773 totam
1255 734 1511 772 Academiam
1538 734 1587 772 ab
1613 734 1836 772 hominibus

123 799 378 837 nobilissimis
406 798 564 845 abstuli,
594 797 783 835 transtuli
809 797 858 834 ad
885 798 1063 833 nostrum
1090 795 1264 833 sodalem
1291 797 1328 832 et
1362 806 1405 831 ex
1433 794 1583 832 duobus
1610 794 1721 832 libris
1748 807 1836 832 con-

121 858 199 897 tuli
238 859 279 896 in
317 861 524 907 quattuor:
565 856 794 908 grandiores
836 859 927 893 sunt
969 856 1128 892 omnino
1171 867 1290 903 qua-m
1331 856 1443 891 erant
1481 853 1559 899 illi,
1600 852 1666 891 sed
1704 856 1835 891 tamen

124 918 250 956 multa
285 918 473 955 detracta.
535 920 580 954 tu
618 919 750 954 autem
787 915 886 952 mihi
924 915 1113 963 peruelim
1153 913 1300 951 scribas
1340 913 1408 962 qui
1446 913 1687 950 intellexeris
1725 912 1837 950 illum

123 978 244 1024 uelle3
275 976 376 1014 illud
404 989 498 1013 uero
525 977 664 1025 utique
691 976 789 1013 scire
816 974 943 1022 cupio,
976 986 1092 1022 quem
1118 972 1360 1010 intellexeris
1388 971 1436 1009 ab
1464 984 1509 1010 eo
1536 972 1837 1021 ζηλοτυπεῐσθαι

124 1059 182 1063 —
215 1037 293 1075 nisi
318 1037 418 1074 forte
445 1036 630 1073 Brutum:
662 1034 702 1071 id
728 1034 857 1072 hercle
883 1033 1077 1081 restabat3
1110 1032 1177 1069 sed
1202 1035 1337 1070 tamen
1363 1033 1461 1069 scire
1487 1032 1690 1080 peruelim.
1746 1031 1838 1068 libri

125 1096 283 1145 quidem
315 1096 372 1133 ita
405 1096 593 1141 exierunt,
626 1095 703 1131 nisi
734 1094 835 1131 forte
868 1106 928 1130 me
961 1093 1179 1130 communis
1213 1091 1399 1140 φιλαυτία
1431 1091 1591 1139 decipit,
1622 1093 1668 1128 ut
1699 1091 1739 1127 in
1765 1091 1839 1127 tali

125 1168 264 1206 genere
304 1167 352 1192 ne
394 1153 499 1202 apud
541 1153 710 1191 Graecos
751 1152 911 1202 quidem
952 1152 1078 1190 simile
1119 1151 1342 1200 quicquam.
1406 1153 1450 1187 tu
1490 1150 1602 1187 illam
1643 1151 1837 1188 iacturam

124 1216 224 1253 feres
257 1227 382 1263 aequo
417 1215 560 1259 animo,
593 1212 697 1262 quod
730 1213 800 1249 illa
832 1225 932 1261 quae
966 1211 1086 1249 habes
1119 1211 1166 1249 de
1192 1210 1440 1248 Academicis
1467 1210 1613 1247 frustra
1641 1209 1838 1258 descripta

126 1278 236 1312 sunt:
269 1274 394 1311 multo
427 1275 560 1310 tamen
591 1273 688 1310 haec
720 1275 833 1309 erunt
866 1271 1135 1319 splendidiora
1167 1270 1349 1308 breuiora
1380 1269 1556 1307 meliora.

243 1333 296 1370 ad
327 1332 498 1370 Atticum
525 1344 595 1369 xm
625 1333 718 1379 14,2
747 1326 956 1383 (1411'153)
990 1343 1031 1369 vi
1064 1330 1123 1367 nel
1155 1343 1180 1367 v
1206 1330 1256 1366 K.
1285 1330 1412 1377 Quint.
1446 1341 1490 1366 cr
1521 1328 1708 1375 Arpinati
1740 1328 1839 1365 illud

125 1394 248 1430 etiam
287 1395 406 1440 atque
445 1393 566 1429 etiam
605 1391 824 1429 consideres
862 1390 1000 1437 uelim⁷
1039 1391 1246 1438 placeatne
1284 1389 1359 1426 tibi
1398 1388 1505 1426 mitti
1537 1388 1586 1426 ad
1620 1387 1840 1425 Varronem

127 1452 231 1501 quod
257 1453 497 1501 scripsimus.
542 1452 617 1489 etsi
643 1452 764 1488 etiam
790 1450 840 1487 ad
866 1454 905 1488 te
932 1450 1085 1499 aliquid
1112 1449 1302 1498 pertinet3
1329 1461 1421 1485 nam
1447 1449 1545 1485 scito
1568 1450 1605 1484 te
1626 1447 1660 1484 ei
1681 1447 1839 1497 dialogo
1861 1462 1875 1485 2

125 1512 359 1549 adiunctum
397 1524 478 1549 esse
516 1511 689 1548 tertium.
753 1511 894 1559 opinor
930 1510 1053 1560 igitur
1091 1508 1390 1546 consideremus.
1455 1509 1530 1544 etsi
1568 1507 1727 1544 nomina
1760 1507 1840 1544 iam

124 1572 231 1609 fact-a
265 1574 372 1618 sunt3
405 1570 473 1608 sed
505 1570 568 1607 uel
600 1570 734 1607 induci
765 1570 830 1607 uel
861 1569 1009 1607 mutari
1039 1570 1217 1617 possunt.

245 1630 297 1668 ud
322 1630 492 1667 Atticum
519 1641 592 1666 x111
621 1631 712 1676 16‚1
742 1641 782 1666 1v
803 1629 852 1666 K.
877 1629 1002 1677 Quint.
1031 1639 1076 1666 ex
1100 1627 1289 1675 Arpinati
1314 1626 1427 1664 illam
1449 1621 1720 1676 Ἀκαὸημικὴν
1747 1625 1841 1663 σύν-

125 1695 233 1736 ταξιν
270 1682 398 1727 totam
436 1689 485 1726 ad
522 1689 741 1726 Varronem
779 1688 1037 1726 traduximus.
1100 1688 1228 1736 primo
1266 1687 1343 1724 fuit
1383 1685 1515 1724 Catuli
1550 1685 1706 1722 Luculli
1737 1685 1839 1723 Hor-

124 1749 254 1787 tensii.
316 1749 467 1795 deinde⁷
499 1750 595 1797 quia
620 1747 726 1799 παρὰ
751 1746 792 1785 τὸ
819 1745 970 1799 πρέπον
995 1746 1217 1794 uidebatur,
1251 1745 1355 1795 quod
1383 1749 1467 1783 erat
1493 1745 1717 1783 hominibus
1745 1748 1840 1782 nota
1863 1759 1876 1782 2

126 1822 203 1846 non
241 1808 311 1846 illa
349 1808 510 1857 quidem
541 1805 775 1845 ἀπαιδευσία
814 1807 880 1845 sed
915 1807 957 1844 in
988 1808 1037 1844 iis
1070 1806 1184 1844 rebus
1217 1803 1400 1856 ἀτριψία,
1440 1804 1557 1843 simul
1591 1817 1635 1841 ac
1666 1806 1758 1842 ueni
1791 1804 1840 1841 ad

124 1868 283 1914 uillam,
328 1867 483 1905 eosdem
521 1867 611 1905 illos
650 1879 846 1905 sermones
886 1867 935 1904 ad
976 1865 1165 1904 Catonem
1204 1865 1450 1913 Brutumque
1489 1864 1691 1901 transtuli.
1755 1876 1841 1901 ecce

123 1931 217 1965 tuae
249 1927 407 1965 litterae
440 1927 486 1964 de
513 1926 708 1964 Varrone:
740 1927 890 1964 nemini
921 1927 1008 1964 uisa
1041 1928 1099 1963 est
1133 1925 1263 1974 aptior
1289 1924 1502 1962 Antiochia
1529 1925 1650 1968 ratiog
1683 1923 1749 1961 sed
1782 1931 1841 1960 ta—

124 2000 213 2024 men
244 1987 365 2024 11911111
399 1986 545 2024 scribas
579 1986 629 2024 ad
661 1999 722 2023 me
754 1987 927 2035 primum
952 1986 1160 2035 placeatne
1187 1984 1262 2021 tibi
1289 1983 1441 2033 aliquid
1468 1983 1518 2021 ad
1543 1983 1669 2029 illum⁷
1701 1982 1841 2020 deinde

125 2048 160 2085 si
193 2046 377 2094 placebit7
409 2047 533 2084 hocne
566 2047 826 2095 potissimum.

245 2106 297 2143 ad
316 2105 488 2143 Atticum
509 2117 580 2142 xm
603 2106 654 2143 18
677 2100 886 2157 (l't'sslssss)
914 2117 958 2141 111
984 2105 1034 2141 K.
1058 2104 1185 2151 Quint.
1214 2116 1258 2140 ra:
1283 2102 1470 2150 Aipinati
1497 2115 1568 2151 ego
1596 2103 1748 2139 interea
1775 2101 1842 2138 ad-

127 2167 280 2203 monitu
317 2168 386 2202 tuo
424 2166 571 2214 perfeci
609 2178 701 2202 sane
740 2164 948 2214 argutulos
987 2163 1108 2200 libros
1148 2162 1197 2200 ad
1230 2162 1467 2202 Varronem,
1505 2161 1572 2199 sed
1609 2164 1742 2198 tamen
1781 2174 1842 2198 ex-

126 2227 261 2273 specto
295 2224 389 2273 quid
422 2224 471 2261 ad
505 2237 550 2261 ea
583 2237 684 2273 quae
716 2225 857 2272 scripsi
890 2223 939 2260 ad
970 2225 1027 2260 te:
1066 2223 1238 2270 primum
1278 2223 1347 2270 qui
1384 2220 1626 2259 intellexeris
1659 2233 1747 2258 eum
1779 2221 1842 2258 de.-

126 2284 298 2321 siderare
331 2296 354 2320 a
385 2297 459 2328 me,
493 2296 580 2321 cum
612 2285 696 2331 ipse
729 2284 846 2321 homo
878 2280 1236 2334 πολυγραφώτατος
1267 2293 1485 2330 numquam
1517 2293 1577 2318 me
1605 2280 1841 2318 lacessisset:

126 2342 267 2380 deinde
294 2342 414 2392 'quem
448 2343 679 2392 ζηλοτυπεῖν
712 2344 788 2381 nisi
819 2343 918 2389 forte
944 2342 1127 2383 Brutum,
1161 2353 1271 2388 (picemv
1302 2342 1337 2378 si
1367 2352 1443 2377 non
1478 2340 1691 2390 ζηλοτυπεῖ
1715 2340 1843 2377 multo
1865 2353 1878 2377 :3

128 2402 386 2440 Hortensium
418 2404 546 2440 minus
580 2406 649 2440 aut
681 2415 746 2440 eos
780 2403 849 2451 qui
880 2401 927 2439 de
959 2415 999 2439 re
1032 2401 1192 2450 publica
1219 2401 1447 2448 loquuntur.
1504 2400 1621 2448 plane
1647 2399 1721 2437 hoc
1745 2399 1843 2436 mihi

128 2462 296 2510 explices
329 2462 462 2508 uelim,
493 2462 535 2499 in
566 2462 705 2510 primis
738 2474 948 2499 maneasne
979 2461 1021 2498 in
1055 2460 1250 2498 sententia-
1283 2462 1326 2497 ut
1359 2459 1517 2497 mittam
1551 2459 1600 2497 ad
1630 2471 1718 2496 eum
1744 2471 1843 2507 quae

127 2523 280 2570 scripsi.
312 2534 363 2558 an
396 2521 496 2559 nihil
529 2534 684 2559 necesse
717 2524 841 2569 putes.
905 2520 972 2558 sed
1003 2520 1099 2558 haec
1132 2532 1276 2557 coram.

247 2582 299 2617 ad
337 2580 509 2618 Atticum
540 2593 613 2618 xm
649 2582 742 2628 1943
771 2581 877 2628 prid.
910 2581 960 2617 K.
995 2580 1122 2628 Quint.
1163 2592 1208 2616 (tr
1243 2579 1433 2626 Arpinati
1470 2578 1511 2615 in
1550 2578 1728 2615 Varrone
1765 2578 1843 2615 ista

129 2651 248 2677 causa
285 2653 345 2677 me
384 2653 463 2678 non
501 2648 693 2688 moueret⁷
737 2654 784 2677 ne
823 2640 980 2678 uiderer
1018 2637 1266 2689 φιλὲνὸοξος;
1312 2639 1366 2676 sic
1405 2637 1509 2675 enim
1548 2638 1842 2682 constitueram,

130 2699 325 2736 neminem
350 2699 551 2737 includere
577 2701 619 2737 in
645 2699 824 2750 dialogos
851 2712 986 2737 eorum
1013 2699 1080 2748 qui
1106 2699 1298 2736 uiuerent.
1355 2697 1422 2736 sed
1447 2698 1543 2746 quia
1569 2698 1780 2743 scripseras
1806 2700 1843 2733 et

130 2757 346 2795 desiderari
385 2771 407 2795 a
439 2759 615 2797 Varrone
654 2762 693 2797 et
730 2761 866 2809 magni
903 2759 1015 2796 illum
1055 2759 1282 2800 aestimare,
1325 2769 1389 2794 eos
1428 2757 1578 2793 confeci
1615 2759 1653 2793 et
1691 2755 1844 2793 absolui

130 2812 282 2869 (nescio
314 2829 432 2866 quam
464 2818 573 2861 bene,
612 2819 677 2856 sed
710 2820 767 2856 ita
799 2820 982 2856 accurate
1014 2821 1060 2855 ut
1091 2818 1191 2854 nihil
1224 2819 1357 2866 posset
1389 2811 1528 2867 supra)
1567 2813 1844 2852 Academicam

251 2945 270 2975 2
297 2944 338 2976 tu
358 2943 401 2983 Z,
427 2953 483 2977 om
507 2943 550 2978 M
701 2948 720 2977 5
748 2944 817 2989 ita}
845 2944 897 2977 sic
921 2944 950 2978 C
1093 2946 1112 2975 9
1139 2940 1388 2984 transtulique
1413 2941 1463 2974 Zc
1610 2943 1650 2973 16
1678 2939 1724 2973 de
1750 2939 1844 2973 Aca-

132 2988 286 3024 demicis
307 2990 364 3024 del
384 2990 525 3025 Reiclus
545 2988 812 3026 Hermathena&
833 3003 854 3023 x
875 2992 974 3034 (xxv)
996 2994 1063 3024 339
1211 2993 1255 3022 24
1281 2988 1400 3033 primo
1422 2988 1486 3023 ΖΟ
1512 2986 1621 3021 1110ἀο
1643 2988 1723 3029 ΔΣ,
1750 2987 1845 3031 quod

132 3037 353 3072 Schmtdtius
378 3039 495 3082 inepte
521 3038 683 3080 defendit
707 3040 739 3074 cl
757 3050 796 3082 p.
826 3041 930 3081 31,40
1089 3041 1132 3071 25
1159 3048 1303 3079 πρεπον
1328 3046 1403 3069 11011
1428 3034 1630 3069 uidebatur
1657 3035 1705 3069 M

133 3087 176 3119 ’26
209 3084 359 3119 illorum
385 3085 594 3120 Schuetzz'us
762 3089 806 3119 35
838 3085 910 3119 nisi
939 3114 944 3119 .
969 3115 974 3119 .
999 3113 1004 3118 .
1032 3086 1225 3129 ζηλοτυπεῖ
1251 3084 1359 3117 Bosii
1383 3083 1608 3124 decurtatus,
1634 3092 1690 3116 om
1718 3083 1784 3124 M;
1810 3082 1851 3122 cf

132 3144 167 3166 u.
190 3135 232 3165 13
374 3135 417 3166 36
438 3132 547 3177 plene
571 3133 617 3166 M
758 3136 802 3167 40
824 3132 1091 3167 constitueram
1112 3133 1204 3166 Pius
1228 3130 1365 3165 sebam
1391 3132 1436 3164 M
1578 3134 1619 3163 41
1643 3128 1844 3172 scripseras

130 3179 265 3214 addidi
290 3180 348 3221 (cf
368 3191 401 3213 u.
425 3187 474 3219 θ’),
502 3180 632 3214 scribis
659 3181 728 3215 aliz·

1859 867 1890 892 10

1860 1163 1892 1188 15

1862 2056 1896 2080 30

1864 2652 1896 2674 40
