2211 3653
349 186 405 227 58
1019 180 1325 216 AcADEMicvs
1351 180 1385 215 11

906 312 1397 362 ACADEMIOVS
1435 313 1495 361 II

1186 407 1210 432 vie

312 488 327 513 2
349 470 467 524 atqui
512 470 548 510 si
591 469 635 510 id
678 468 959 521 crederemus,
1010 481 1097 507 non
1140 480 1358 521 egeremus
1403 465 1714 519 perpendiculis
1761 479 1847 506 non
1892 465 2051 506 normis

347 556 432 582 non
463 539 624 595 regulis
1187 572 1211 596 >g

310 654 327 677 4
348 635 448 689 quid
480 635 605 676 lunae
633 647 739 688 quae
771 632 1018 674 liniamenta
1046 632 1131 673 sint
1157 635 1332 685 potesne
1361 631 1499 672 dicere
1533 629 1635 687 [ne]‚
1668 631 1786 672 cuius
1814 633 1855 671 et
1881 645 2051 671 nascen-

346 706 401 748 tis
434 708 476 747 et
507 704 804 746 inseniscentis
837 702 941 744 alias
974 703 1194 744 hebetiora
1227 702 1330 743 alias
1360 703 1549 743 acutiora
1575 701 1775 743 uidentur
1806 715 1964 743 cornua

1186 785 1210 810 ti:

310 867 325 891 e
347 847 449 902 quid
489 850 577 888 tam
618 848 793 901 planum
834 846 1005 886 uidetur
1046 859 1173 899 quam
1216 859 1347 897 mare3
1389 859 1409 885 e
1454 858 1539 897 quo
1584 843 1713 885 etiam
1751 857 1909 897 aequor
1948 843 2052 884 illud

345 921 494 972 poetae
527 921 683 960 uocant
1186 939 1210 965 a<

309 1033 324 1057 s
345 1019 384 1054 iu
418 1029 522 1066 aqua
553 1029 705 1053 remum
738 1017 936 1066 integrum
969 1016 1083 1064 quasi
1114 1015 1283 1052 fractum
1316 1013 1496 1051 uidemus

1184 1092 1208 1118 >s

309 1174 324 1198 9
346 1155 448 1209 quid
474 1170 587 1196 mare
614 1168 753 1195 nonne
780 1153 1048 1195 caeruleum?
1098 1156 1141 1194 at
1167 1153 1257 1194 eius
1285 1151 1397 1193 unda
1424 1166 1520 1193 cum
1547 1154 1611 1193 est
1636 1150 1759 1206 pulsa
1784 1151 1924 1205 remis,
1956 1165 2052 1204 pur-

344 1226 545 1280 purascit,
578 1229 619 1266 et
652 1225 820 1279 quidem
857 1239 990 1278 aquae
1022 1224 1204 1265 tinctum
1239 1223 1423 1277 quodam
1456 1223 1583 1264 modo
1617 1225 1658 1263 et
1691 1222 1895 1263 infectum

1186 1305 1206 1327 >k

291 1388 321 1412 11
345 1368 452 1410 alius
479 1367 650 1421 adultis,
682 1367 790 1408 alius
817 1366 1059 1408 ualentibus
1086 1365 1194 1406 alius
1221 1365 1371 1421 aegris,
1398 1365 1506 1406 alius
1533 1364 1654 1406 siccis
1682 1364 1789 1405 alius
1815 1363 2050 1405 uinulentis

1185 1449 1209 1474 >ie

291 1528 323 1554 12
344 1513 502 1552 furiosis
535 1515 574 1551 et
607 1513 724 1551 ebriis
757 1513 889 1552 omnia
922 1512 1096 1561 duplicia
1128 1511 1316 1549 uidentur

1184 1591 1208 1616 ἦα

463 1726 482 1755 2
493 1733 578 1765 -Ρ,
589 1724 668 1763 59‚3
683 1732 726 1754 ex
739 1721 986 1764 disputatione
999 1732 1022 1755 α
1036 1720 1201 1755 Cicerone
1214 1724 1339 1755 contra
1350 1730 1518 1754 sensuum
1533 1720 1720 1754 ueritatem
1734 1719 1869 1760 habita,
1882 1718 1960 1762 cfp.
1972 1720 2050 1761 64‚7

464 1773 494 1803 2.
511 1772 531 1802 3
553 1769 615 1811 (fr.
633 1772 669 1811 8)
692 1769 870 1803 Nonius
883 1779 922 1812 p.
940 1771 1006 1801 162
1028 1767 1285 1811 perpendiculi
1307 1766 1391 1810 (sla
1408 1767 1660 1811 Quicheratus)
1677 1767 1714 1801 et
1728 1776 1889 1800 normae.
1925 1764 2050 1799 Cicero

344 1816 652 1850 Academicorum
672 1815 735 1849 lib.
758 1828 784 1848 11
807 1815 928 1859 ‘atqui
950 1844 955 1848 .
973 1843 979 1849 .
998 1843 1003 1848 .
1026 1815 1178 1859 regulis’
1326 1814 1364 1848 id
1383 1815 1458 1849 scil.
1480 1815 1600 1849 oeulos
1622 1825 1710 1848 uera
1734 1814 1908 1848 nuntiare

344 1875 417 1898 non
443 1874 634 1907 egeremus
661 1875 717 1897 om
743 1863 837 1897 Leid
959 1866 990 1896 4.
1006 1866 1026 1895 5
1054 1864 1116 1905 (fr.
1140 1866 1175 1905 6)
1203 1863 1382 1897 Nonius
1402 1874 1440 1906 p.
1465 1866 1529 1895 121
1557 1861 1670 1896 hebes
1697 1860 1835 1903 (habes
1856 1860 1964 1897 Leid)
1987 1870 2052 1904 po-

344 1911 456 1945 situm
488 1922 554 1954 pro
587 1910 742 1945 obscuro
774 1912 839 1944 aut
871 1909 1014 1944 obtuso.
1048 1909 1174 1944 Cicero
1202 1909 1509 1943 Academicorum
1529 1908 1593 1943 lib.
1621 1921 1648 1942 11
1671 1908 1776 1952 ‘quid
1805 1936 1811 1942 .
1835 1936 1840 1941 .
1864 1936 1869 1942 .
1898 1907 2049 1942 cornua'

485 1962 507 1991 4
534 1958 608 1992 sint
634 1959 769 1992 Iunius
800 1958 886 1991 sunt
912 1958 998 1992 libra·
1147 1958 1271 2001 potest
1296 1967 1341 1991 ne
1370 1957 1473 1999 H'olf
1621 1967 1666 1990 ne
1693 1957 1750 1990 del
1775 1956 1909 1990 Iunias

343 2009 363 2039 5
385 2007 422 2039 et
441 2005 700 2039 inseniscentis
725 2005 832 2048 W'olf,
858 2016 913 2039 om
934 2005 1028 2039 Leicl
1051 2006 1088 2039 et
1108 2005 1332 2039 senescentis
1353 2005 1489 2039 Izmizls
1506 2005 1599 2038 tbmr
1742 2003 1937 2037 habetiora
1958 2002 2052 2037 Leid

487 2056 518 2087 6.
535 2057 552 2087 7
581 2054 643 2096 (fr.
667 2056 702 2089 3)
725 2053 903 2086 Nonius
917 2064 956 2096 p.
973 2056 1016 2086 65
1038 2063 1176 2096 aequor
1197 2051 1243 2086 ab
1265 2063 1383 2096 aequo
1404 2054 1442 2086 et
1462 2051 1575 2095 plano
1597 2050 1723 2085 Cicero
1744 2049 2051 2084 Academicorum

344 2100 407 2135 lib.
429 2113 455 2134 11
475 2099 701 2134 uocabulum
722 2100 909 2144 accepisse
929 2099 1138 2134 confirmat:
1162 2099 1268 2143 ‘quid
1289 2128 1295 2133 .
1320 2128 1325 2133 .
1350 2127 1355 2133 .
1377 2099 1542 2133 uocant’.
1581 2099 1622 2141 ef
1641 2099 1755 2133 Varro
1776 2098 1818 2132 de
1838 2099 1860 2132 l.
1882 2098 1927 2132 L.
1942 2110 1991 2131 vn
2007 2101 2050 2130 23

487 2151 506 2181 6
539 2158 558 2182 e
584 2148 673 2193 quo]
702 2158 770 2192 ego
796 2148 890 2182 Leid
922 2147 969 2181 ab
1003 2158 1121 2191 aequo
1152 2147 1389 2192 Quieheratns
1581 2149 1602 2180 8
1628 2146 1780 2181 Seruius
1802 2147 1842 2180 in
1870 2145 1969 2190 Very.
1991 2146 2050 2180 ecl.

344 2199 423 2238 2,27
453 2195 500 2228 ‘si
526 2207 729 2239 numquam
756 2194 865 2228 fallat
890 2194 1047 2239 imago’:
1081 2194 1186 2228 nulla
1217 2194 1316 2228 enim
1347 2205 1404 2228 res
1441 2194 1495 2228 ita
1522 2193 1664 2237 decipit
1690 2203 1799 2237 quem
1827 2192 1875 2226 ad
1900 2192 2052 2226 modum

344 2242 486 2287 imag03
513 2253 600 2276 nam
626 2244 663 2277 et
689 2243 725 2275 in
752 2241 902 2286 speculo
929 2241 1115 2276 contraria
1141 2242 1306 2276 ostendit
1331 2241 1517 2282 uniuersa,
1543 2243 1581 2275 et
1606 2241 1644 2274 in
1671 2251 1769 2284 aqua
1795 2250 1937 2274 remum
1957 2240 2052 2274 inte-

343 2302 451 2334 grum
483 2290 590 2333 quasi
616 2289 775 2323 fractum
806 2289 994 2332 uidemus,
1026 2289 1126 2333 quod
1155 2289 1269 2323 etiam
1296 2288 1422 2323 Cicero
1449 2289 1487 2322 in
1513 2288 1732 2323 Tusculanis
1759 2287 1904 2332 plenius
1931 2287 2050 2322 docet.

344 2349 443 2372 error
461 2338 672 2372 scholiastae
694 2337 787 2371 unde
806 2341 916 2371 natus
935 2338 984 2371 sit
1002 2348 1076 2371 non
1096 2342 1257 2381 apparet.
1297 2338 1339 2372 de
1358 2347 1452 2371 remo
1471 2337 1588 2380 fracto
1608 2335 1801 2378 chucull.
1820 2338 1909 2375 7,19.
1926 2338 2029 2377 25,79
2040 2348 2050 2376 ;

344 2385 386 2419 de
410 2385 550 2429 speculo
576 2396 631 2419 res
656 2385 786 2426 dubia,
812 2384 853 2426 cf
873 2384 1003 2419 Seoetus
1027 2385 1145 2429 hypot.
1168 2397 1179 2417 1
1201 2387 1245 2417 48
1368 2389 1399 2417 9.
1418 2387 1460 2417 10
1487 2384 1549 2426 (fr.
1568 2386 1603 2426 7)
1632 2384 1675 2417 N
1679 2384 1810 2417 onius
1824 2394 1863 2426 p.
1878 2385 1943 2416 162
1965 2393 2052 2426 pur-

344 2432 511 2476 purascit
537 2431 662 2465 Cicero
690 2431 996 2465 Academicorum
1017 2431 1080 2465 lib.
1104 2445 1129 2465 11
1152 2431 1257 2475 ‘quid
1279 2459 1284 2465 .
1309 2459 1314 2465 .
1339 2460 1344 2465 .
1367 2430 1561 2465 infectum’
1709 2434 1775 2464 aut
1793 2429 1858 2464 lib.
1879 2442 1916 2463 ιν
1936 2430 2051 2475 leyen-

344 2480 442 2522 dum,
468 2490 559 2523 quae
583 2479 730 2513 uidetur
749 2480 856 2513 eliam
878 2479 1021 2513 Klotzz'i
1044 2480 1220 2513 sententia
1246 2479 1369 2521 fluisse,
1396 2483 1462 2513 aut
1482 2478 1684 2513 Ciceronem
1702 2478 1765 2512 Jaeos
1786 2477 1895 2512 libros
1916 2482 2051 2512 retrac-

344 2531 478 2561 tantem
508 2527 620 2571 plura
654 2530 810 2560 mutasse
843 2530 958 2560 censet
981 2538 1002 2560 r
1033 2527 1065 2560 cl
1090 2527 1234 2560 Lucull.
1264 2529 1416 2568 33‚105;
1454 2526 1550 2569 quod
1584 2526 1674 2559 mihi
1707 2525 1811 2559 vulla
1845 2526 2052 2559 necessitate

342 2575 458 2608 statui
476 2574 623 2608 uidetur
753 2576 772 2607 9
794 2575 833 2607 at
853 2573 947 2618 eius]
968 2572 1076 2607 adius
1090 2585 1140 2617 pr
1155 2574 1247 2608 Leid
1382 2577 1424 2606 10
1445 2572 1531 2615 aqui
1552 2572 1732 2606 etinctum
1753 2571 1853 2614 quod
1873 2571 1921 2606 ad
1940 2571 2050 2605 modo

338 2633 388 2665 pr
403 2621 515 2663 Leid‚·
536 2631 633 2665 aqua
648 2621 782 2654 Iunius
801 2631 921 2664 aquae
941 2620 1081 2654 tinctae
1098 2649 1103 2654 .
1122 2649 1127 2654 .
1147 2622 1183 2654 et
1203 2620 1364 2655 infectae
1386 2620 1550 2661 Guietus,
1570 2631 1660 2663 quae
1683 2619 1919 2664 Quicheratus
1933 2619 2052 2653 Nomi·

344 2680 415 2703 esse
434 2669 636 2711 eaeistimat;
662 2678 782 2711 aquae
801 2667 921 2702 tinctu
942 2668 1104 2711 quodam
1126 2668 1268 2713 [modo]
1290 2670 1326 2701 et
1346 2668 1487 2702 infectu
1506 2669 1540 2702 ci
1560 2668 1604 2701 L.
1625 2667 1835 2701 Muellerus.
1874 2668 2051 2702 sententia

344 2717 465 2750 Nonii
500 2717 608 2760 culpa
646 2719 837 2758 trzlneata;
874 2716 1035 2760 intelleye
1071 2716 1171 2749 uelut
1208 2715 1387 2749 infectum
1426 2725 1505 2749 esse
1544 2714 1703 2748 colorem
1738 2713 1907 2748 uidemus

348 2767 387 2797 11
418 2764 479 2806 (fr.
501 2766 537 2806 9)
560 2764 737 2797 Nonius
757 2774 795 2806 p.
813 2766 905 2796 3943
925 2762 1063 2797 siccum
1084 2762 1221 2796 dicitur
1247 2764 1285 2796 et
1307 2762 1471 2796 sobrium
1491 2761 1673 2795 maditum
1696 2763 1763 2804 (sic
1782 2762 1840 2796 uel
1857 2761 2050 2796 madidum

340 2812 503 2854 plerique
522 2810 664 2844 aditum
687 2810 780 2845 Leld
799 2820 871 2844 non
891 2809 1083 2844 madidum
1105 2811 1290 2844 Mereerus
1315 2809 1503 2843 modicum
1519 2809 1702 2848 Goetzius)
1726 2837 1732 2843 .
1755 2836 1762 2843 .
1785 2837 1791 2843 .
1814 2808 1939 2843 Cicero
1957 2808 2050 2843 Aca-

345 2858 572 2891 demicorum
599 2857 662 2891 lib.
691 2870 717 2890 11
745 2857 856 2891 ‘alius
885 2885 891 2890 .
914 2885 921 2891 .
945 2885 952 2891 .
978 2856 1197 2891 uinulentis'
1347 2858 1553 2902 ‘praecessit
1577 2861 1618 2891 ut
1636 2861 1751 2901 picta:
1786 2855 1882 2890 alius
1908 2856 2048 2900 pueris’

346 2906 389 2939 L.
415 2906 613 2940 Muellerus
751 2904 847 2939 alius
874 2904 931 2938 ad.
954 2906 1055 2939 Bern
1081 2904 1174 2938 alios
1195 2922 1222 2934 ω-
1242 2906 1347 2939 οείενί
1479 2903 1692 2938 ualentibus
1718 2903 1955 2947 Quicheratus
1974 2903 2050 2937 len-

345 2952 446 2986 tibus
467 2953 552 2988 libri
572 2951 721 2986 senibus
743 2952 836 2986 Pius
974 2951 1095 2996 aegris
1117 2953 1218 2986 Bern
1238 2953 1361 2995 eugris
1382 2953 1487 2986 ceteri
1625 2950 1671 2985 al.
1693 2951 1750 2985 ad.
1767 2950 1815 2985 al.
1834 2950 2050 2985 adulescen-

345 3000 463 3041 tibus,
497 2999 544 3034 al.
571 3000 691 3044 aegris
726 2999 820 3033 alius
853 2998 952 3033 sanis
985 2999 1048 3042 (al.
1071 3010 1098 3033 s.
1119 2998 1193 3033 add
1213 2999 1264 3033 ed.
1287 3000 1384 3033 Non.
1406 3012 1439 3033 a.
1463 3002 1570 3039 1511)
1598 2998 1693 3032 alius
1720 2997 1827 3032 siccis
1853 2998 1909 3033 tbr

348 3051 389 3080 12
418 3047 637 3081 Lactantius
663 3047 704 3081 (Ie
730 3048 873 3091 opificio
894 3047 967 3081 Del
987 3050 1040 3088 9,1
1064 3046 1156 3081 libet
1176 3046 1244 3080 hoc
1265 3045 1345 3081 loco
1367 3045 1513 3080 illorum
1536 3045 1808 3089 reprehendere
1830 3045 2049 3088 uanitatem,

345 3094 410 3136 qui
444 3094 531 3128 dum
562 3093 694 3128 uolunt
726 3094 920 3129 ostendere
953 3105 1080 3129 sensus
1107 3093 1219 3128 falsos
1246 3104 1326 3128 esse
1356 3093 1473 3128 multa
1506 3092 1689 3137 colligunt
1719 3093 1759 3127 in
1790 3092 1924 3136 quibus
1952 3092 2050 3126 oculi

346 3140 534 3185 fallantur,
560 3141 658 3175 inter
683 3152 778 3184 quae
804 3140 899 3175 illud
919 3141 1033 3176 etiam
1054 3141 1153 3185 quod
1173 3141 1321 3176 furiosis
1345 3170 1350 3174 .
1375 3170 1380 3176 .
1404 3170 1410 3175 .
1432 3140 1641 3175 uideantur.
1673 3139 1715 3182 cf
1724 3140 1936 3175 Barthelius
1950 3151 1988 3184 p.
2007 3143 2049 3173 14
