2211 3653
706 755 1196 822 LVOVLLVS

218 891 422 947 Magnum
455 891 672 946 ingenium
706 888 811 930 Luci
844 886 1014 929 Luculli
1048 900 1336 941 magnumque
1367 884 1627 939 optimarum
1654 884 1809 925 artium

99 964 306 1017 studium,
339 965 430 1004 tum
465 962 603 1003 omnis
635 959 824 1001 liberalis
857 961 899 1000 et
932 958 1060 1013 digna
1088 957 1262 998 homine
1288 956 1424 998 nobili
1456 955 1508 996 ab
1536 970 1585 996 eo
1612 958 1811 1010 percepta

100 1034 290 1076 doctrina
326 1034 479 1088 quibus
512 1031 779 1087 temporibus
809 1030 959 1071 florere
986 1030 1031 1070 in
1056 1029 1149 1070 foro
1177 1028 1362 1069 maxime
1391 1028 1534 1081 potuit
1562 1027 1698 1068 caruit
1725 1041 1811 1067 om—

99 1105 201 1147 nino
239 1106 366 1146 rebus
404 1105 589 1146 urbanis.
658 1106 705 1144 ut
748 1102 859 1143 enim
904 1100 1115 1158 [urbanis]
1159 1099 1388 1140 admodum
1431 1098 1678 1139 adulescens
1717 1112 1811 1138 cum

99 1176 229 1218 fratre
268 1177 361 1230 pari
399 1177 556 1230 pietate
596 1177 638 1216 et
676 1174 884 1215 industria
917 1172 1111 1227 praedito
1144 1173 1342 1226 paternas
1379 1169 1627 1210 inimicitias
1660 1184 1812 1224 magna

98 1261 198 1289 cum
226 1248 362 1303 gloria
388 1250 451 1288 est
478 1248 744 1301 persecutus,
771 1245 816 1285 in
841 1243 988 1286 Asiam
1019 1246 1219 1297 quaestor
1244 1242 1462 1296 profectus
1491 1241 1551 1281 ibi
1577 1239 1814 1294 permultos

101 1334 233 1361 annos
273 1318 514 1359 admirabili
554 1317 735 1372 quadam
774 1315 899 1357 laude
937 1314 1184 1369 prouinciae
1221 1311 1422 1367 praefuit3
1469 1311 1618 1353 deinde
1663 1311 1814 1352 absens

99 1390 240 1432 factus
267 1390 432 1442 aedilis,
465 1389 669 1430 continuo
702 1390 874 1442 praetor
906 1386 1081 1442 (licebat
1107 1384 1219 1426 enim
1247 1384 1424 1425 celerius
1450 1382 1560 1438 legis
1587 1380 1815 1437 praemio)3

100 1463 198 1516 post
231 1461 273 1502 in
308 1460 516 1514 Africam,
548 1459 645 1500 inde
673 1459 723 1500 ad
752 1457 1039 1512 consulatum3
1074 1471 1199 1511 quem
1228 1457 1289 1497 ita
1314 1455 1447 1510 gessit
1473 1457 1522 1495 ut
1549 1453 1815 1508 diligentiam

101 1532 412 1574 admirarentur
451 1546 597 1573 omnes
636 1530 852 1585 ingenium
896 1531 1184 1584 agnoscerent.
1248 1529 1347 1582 post
1385 1526 1438 1567 ad
1475 1524 1816 1566 Mithridaticum

102 1604 263 1646 bellum
296 1604 449 1644 missus
483 1618 506 1643 a
539 1605 687 1644 senatu
720 1616 807 1642 non
838 1600 966 1641 modo
1000 1600 1246 1654 opinionem
1278 1598 1384 1639 uicit
1411 1598 1602 1638 omnium
1633 1610 1739 1650 quae
1767 1595 1817 1636 de

102 1676 263 1716 uirtute
296 1675 384 1716 eius
418 1676 507 1715 erat
541 1674 613 1715 sed
646 1674 773 1714 etiam
806 1672 987 1728 gloriam
1022 1671 1306 1725 superiorum3
1340 1669 1467 1723 idque
1500 1683 1549 1709 eo
1581 1668 1665 1708 fuit
1694 1667 1818 1708 mira-

102 1746 231 1788 bilius
265 1745 379 1800 quod
411 1745 462 1785 ab
496 1759 544 1786 eo
577 1745 669 1786 laus
702 1743 977 1798 imperatoria
1010 1756 1097 1783 non
1129 1741 1359 1782 admodum
1396 1738 1715 1794 expectabatur,
1745 1738 1818 1792 qui

103 1817 433 1859 adulescentiam
459 1816 504 1856 in
530 1815 687 1856 forensi
718 1829 862 1869 opera,
891 1816 1145 1868 quaesturae
1172 1813 1422 1853 diuturnum
1450 1814 1619 1864 tempus
1640 1809 1817 1851 Murena

102 1888 263 1930 bellum
296 1887 339 1928 in
371 1886 510 1928 Ponto
545 1889 716 1942 gerente
750 1887 794 1927 in
825 1885 952 1927 Asiae
985 1900 1088 1940 pace
1129 1885 1460 1937 consumpserat.
1532 1882 1604 1923 sed
1642 1881 1819 1922 incredi-

102 1959 202 2001 bilis
248 1959 454 2014 quaedam
500 1959 661 2014 ingenii
706 1957 956 2013 magnitudo
1002 1971 1090 1998 non
1140 1955 1396 1997 desiderauit
1443 1954 1671 1994 indocilem
1715 1967 1817 1993 usus

104 2030 383 2085 disciplinam.
446 2030 592 2083 itaque
625 2043 720 2070 cum
753 2031 893 2071 totum
928 2030 1007 2069 iter
1046 2031 1087 2069 et
1124 2027 1444 2082 nauigationem
1485 2024 1819 2078 consumpsisset

102 2103 260 2157 partim
294 2102 339 2142 in
371 2101 660 2155 percontando
694 2116 718 2141 a
750 2101 898 2154 peritis
931 2100 1088 2153 partim
1122 2099 1166 2139 in
1197 2097 1324 2139 rebus
1358 2096 1489 2151 gestis
1523 2095 1733 2151 legendis,
1775 2095 1818 2135 in

104 2172 252 2214 Asiam
279 2173 416 2213 factus
443 2173 676 2226 imperator
701 2173 837 2225 uenit,
864 2185 960 2212 cum
988 2173 1098 2212 esset
1123 2169 1262 2210 Roma
1289 2167 1504 2222 profectus
1531 2168 1593 2208 rei
1620 2166 1817 2208 militaris

228 2330 245 2360 1
278 2327 319 2360 (le
351 2325 588 2369 inscriptione
622 2325 707 2359 uide
734 2336 772 2368 p.
797 2327 911 2366 2621.
940 2327 1055 2366 2833.
1084 2326 1247 2366 33‚4.23.
1278 2324 1381 2365 6520
1411 2325 1442 2356 et
1465 2320 1752 2364 praefationem,
1779 2319 1821 2353 de

99 2374 283 2418 prooemio
300 2384 336 2417 p.
360 2376 462 2415 28‚23
613 2377 631 2406 2
659 2371 900 2413 luculuculh,
927 2371 1056 2415 quinta
1084 2371 1205 2405 littera
1232 2374 1264 2404 et
1288 2373 1389 2404 seaeta
1415 2380 1496 2403 cam
1517 2372 1624 2412 parte
1649 2367 1820 2411 septimae

106 2422 145 2455 in
171 2432 249 2463 ras,
276 2425 373 2455 sexto
395 2421 468 2455 loeo
494 2420 562 2454 md
587 2419 600 2453 1
626 2420 739 2462 fuisse
768 2420 800 2454 V
923 2420 1058 2453 attium
1079 2419 1178 2463 prA
1308 2421 1327 2451 3
1355 2416 1461 2458 Offils,
1489 2416 1521 2449 ls
1543 2416 1584 2449 in
1609 2426 1671 2449 ras
1695 2425 1764 2456 rec,
1784 2415 1820 2448 A

224 2503 290 2536 per
322 2492 477 2536 accepta
504 2491 539 2523 V
562 2480 697 2535 pcepta
730 2491 764 2525 B
921 2494 942 2523 4
975 2490 1039 2535 qui
1072 2489 1207 2533 quibus
1242 2489 1538 2523 Haelsemamms
1701 2462 1820 2529 claruit

105 2551 162 2574 ‘ree
182 2540 234 2580 A,
261 2540 343 2574 item
369 2544 410 2573 at
435 2540 501 2573 uid
528 2540 563 2573 B
707 2541 726 2572 5
748 2538 859 2572 rebus
875 2537 1048 2571 humams
1064 2539 1106 2571 ut
1126 2548 1225 2572 emm
1245 2535 1400 2570 urbanis
1416 2535 1618 2569 admodum
1643 2534 1717 2568 AB
1725 2560 1734 2575 ‚
1760 2533 1821 2568 secl

104 2595 260 2652 urbanis
280 2622 336 2645 rec·
359 2611 394 2644 A
425 2610 501 2651 reb3
534 2610 706 2644 humanis
735 2611 841 2643 uteni
873 2609 1076 2643 admodum
1105 2609 1143 2643 V.
1201 2620 1281 2643 corr
1313 2607 1386 2642 dett
1410 2608 1484 2642 Ven
1510 2620 1561 2648 11;
1596 2605 1717 2640 mendi
1749 2604 1820 2639 ori-

104 2659 224 2704 ιφῖηεηι
256 2659 457 2703 emplieauit
488 2659 672 2692 Dauisz‘us
831 2661 850 2690 6
885 2658 922 2691 et
954 2657 1030 2691 add
1058 2657 1092 2691 V
1246 2659 1262 2688 7
1290 2654 1480 2699 profectos
1502 2665 1552 2698 pr
1575 2654 1610 2688 A
1756 2662 1822 2696 per

106 2705 243 2739 multos
270 2717 350 2740 eum
376 2706 462 2740 aliis
490 2706 696 2740 maluerant
722 2705 756 2739 tb
778 2709 924 2749 praeter
949 2716 1055 2739 usam
1085 2704 1268 2738 Ciceronis
1413 2705 1433 2736 8
1456 2701 1579 2747 *psum
1599 2712 1642 2735 eoe
1660 2699 1766 2748 cpfuit
1786 2700 1819 2733 A

107 2752 288 2796 praefmt,
315 2752 391 2787 efu1
417 2754 458 2787 in
482 2764 562 2795 ras,
590 2764 611 2787 a
631 2757 662 2787 et
681 2754 697 2786 t
716 2753 778 2787 recl
800 2753 835 2786 B
983 2755 1025 2785 10
1052 2751 1123 2793 ita,
1151 2751 1163 2784 1
1189 2762 1245 2785 ree
1274 2751 1312 2784 ιή
1338 2762 1400 2784 ras
1426 2749 1601 2793 ampliore
1627 2748 1662 2782 A
1689 2746 1758 2780 1sta,
1773 2758 1822 2791 pr

116 2801 150 2834 V
276 2802 319 2834 ut
339 2800 413 2835 add
441 2801 474 2835 V
617 2804 657 2834 11
686 2801 760 2844 ing.
787 2799 989 2844 prudentes
1019 2809 1104 2843 agn.
1138 2800 1172 2833 ei
1203 2798 1494 2833 Reitzensteinus
1526 2797 1557 2830 cl
1591 2796 1673 2830 Tac.
1696 2794 1819 2839 Agyrio.

107 2850 153 2881 40
168 2859 220 2882 ex.
385 2852 426 2882 12
452 2848 570 2881 mlssls
589 2859 638 2891 pr
664 2848 776 2882 AVB
948 2850 990 2880 14
1023 2846 1293 2890 expectabatur
1326 2844 1398 2879 dett
1431 2844 1524 2878 Rom
1558 2842 1688 2887 spectes*
1709 2842 1821 2876 AVB

230 2898 271 2928 15
300 2895 552 2929 adulel'centla
579 2906 623 2929 επ
648 2905 700 2928 ωε.
726 2895 806 2929 AV
831 2894 1107 2938 addulescentla
1130 2894 1164 2926 B
1321 2896 1363 2926 16
1391 2892 1467 2925 asla
1498 2891 1563 2925 Vtr
1582 2890 1712 2924 Asiam
1738 2889 1821 2928 dect,

108 2943 205 2977 uncle
230 2943 269 2976 in
295 2942 384 2976 Asia
410 2942 448 2975 in
474 2952 567 2986 pace
591 2943 809 2977 Gulielmius
828 2954 862 2975 m
890 2942 928 2974 in
951 2941 1094 2987 [Asiae]
1121 2951 1213 2985 pace
1240 2941 1269 2974 b.
1310 2941 1351 2983 ef
1368 2950 1438 2983 pro
1468 2938 1604 2973 Cluent.
1629 2940 1755 2979 69‚195
1782 2936 1821 2969 in

110 2990 295 3024 communi
328 2989 461 3024 Italiae
487 3000 578 3033 pace
744 2993 785 3023 17
816 2989 921 3022 usum
944 3001 991 3033 pr
1012 2990 1047 3023 B
1214 2991 1255 3021 19
1282 2986 1494 3033 pcontendo
1523 2987 1557 3020 A
1588 2998 1610 3031 p
1638 2983 1822 3041 contenda

105 3059 154 3092 pr
179 3049 213 3082 V
234 3049 499 3093 percontanda
526 3050 560 3083 B
724 3048 908 3093 legendis,
935 3048 958 3081 d
985 3047 1187 3092 aliquando
1213 3047 1288 3089 fuit
1314 3046 1428 3080 deleta
1456 3046 1490 3079 V
1644 3047 1687 3078 20
1714 3043 1822 3087 [pfect

109 3106 154 3130 ea:
185 3108 238 3141 peu
266 3097 299 3130 A
480 3097 728 3131 scholiasta
763 3096 1086 3130 Grouom'anus
1118 3095 1166 3129 ad
1199 3098 1289 3128 orat.
1317 3104 1385 3137 pro
1419 3094 1489 3138 leye
1524 3092 1690 3126 Manilia
1719 3094 1821 3135 1038

105 3153 144 3186 12.
166 3147 293 3185 441,10
318 3143 422 3178 Orell.
450 3145 596 3178 constat
621 3143 815 3177 Lucullum
842 3153 960 3186 usque
984 3142 1030 3176 ad
1052 3144 1221 3186 tempora
1248 3140 1461 3175 consulatus
1490 3141 1679 3183 expertem
1705 3139 1819 3173 fuisse

183 3210 299 3234 cxc-1:1³0
321 3210 365 3235 ed⁴
386 3211 573 3240 Plasberg
1516 3203 1535 3232 5

1838 1471 1870 1495 10

1840 1826 1871 1852 15

1839 2184 1873 2209 20
