2211 3653
125 188 304 223 Lucullus
761 184 1003 219 LVOVLLVS
1031 188 1205 227 8,23-26
1781 184 1835 224 79

125 295 270 338 dolore
302 294 480 336 lacerari
512 294 656 348 potius
691 308 817 348 quam
851 296 924 334 aut
956 293 1147 335 officium
1180 293 1334 347 prodat
1367 296 1439 334 aut
1471 292 1618 346 fidem,
1654 307 1728 333 cur
1759 292 1834 333 has

125 367 207 408 sibi
244 369 332 407 tam
371 380 523 421 graues
564 365 679 419 leges
719 364 973 418 inposuerit,
1013 379 1108 405 cum
1149 379 1275 418 quam
1315 363 1368 405 ob
1406 378 1494 404 rem
1528 365 1588 404 ita
1622 366 1837 417 oporteret

124 437 234 479 nihil
253 437 428 478 haberet
449 436 729 490 conprehensi
750 436 940 490 percepti
961 436 1122 490 cogniti
1143 435 1388 476 constituti:
1415 435 1533 476 nullo
1556 435 1689 490 igitur
1708 434 1835 475 modo

124 508 218 550 fieri
248 509 392 561 potest
424 510 473 548 ut
505 507 732 562 quisquam
766 507 876 547 tanti
909 507 1104 547 aestimet
1136 506 1394 560 aequitatem
1429 509 1470 547 et
1496 506 1642 560 fidem,
1671 509 1720 546 ut
1746 505 1835 546 eius

126 577 438 621 conseruandae
466 592 593 618 causa
618 578 784 619 nullum
813 578 1070 631 supplicium
1095 580 1278 631 recuset,
1308 577 1391 617 nisi
1417 577 1454 617 is
1481 577 1606 618 rebus
1633 576 1836 618 adsensus

125 651 180 691 sit
213 664 319 704 quae
351 650 483 690 falsae
515 664 606 690 esse
638 664 722 690 non
756 649 936 703 possint.
985 648 1084 702 lpsa
1115 663 1217 689 uero
1252 648 1461 702 sapientia
1487 648 1523 688 si
1551 662 1593 688 se
1620 647 1838 703 ignorabit

124 721 332 775 sapientia
363 720 419 761 sit
450 734 600 773 necne,
639 734 722 773 quo
757 719 884 760 modo
918 719 1103 773 primum
1138 718 1350 760 obtinebit
1379 733 1536 760 nomen
1568 718 1837 772 sapientiae?

124 791 274 833 deinde
307 805 391 846 quo
424 791 550 832 modo
585 792 797 844 suscipere
838 790 1023 844 aliquam
1055 804 1144 831 rem
1179 793 1253 831 aut
1284 804 1409 845 agere
1441 789 1621 830 fidenter
1653 789 1837 843 audebit,

124 878 219 904 cum
252 863 357 904 certi
389 862 498 903 nihil
531 862 612 903 erit
644 862 759 916 quod
791 862 1026 915 sequatur?
1060 876 1155 903 cum
1185 875 1287 902 uero
1315 860 1530 902 dubitabit
1558 860 1659 915 quid
1686 861 1743 901 sit
1770 875 1838 901 ex-

123 937 307 976 tremum
339 936 381 974 et
412 934 612 974 ultimum
652 933 864 974 bonorum
873 966 883 986 ,
922 932 1124 988 ignorans
1163 946 1246 986 quo
1287 933 1432 973 omnia
1468 932 1724 985 referantur,
1763 933 1836 986 qui

122 1005 283 1060 poterit
315 1020 405 1046 esse
438 1004 678 1058 sapientia?
745 1006 873 1057 atque
912 1004 1040 1044 etiam
1072 1003 1179 1044 illud
1211 1004 1484 1058 perspicuum
1519 1005 1600 1057 est,
1633 1003 1834 1044 constitui

122 1090 294 1118 11606556
321 1089 413 1116 6556
439 1076 612 1116 initium
640 1075 755 1129 quod
782 1074 990 1129 sapientia
1016 1089 1113 1116 cum
1138 1075 1241 1129 quid
1268 1088 1391 1130 agere
1418 1075 1596 1128 incipiat
1624 1077 1837 1128 sequatur,

123 1147 251 1202 idque
278 1147 450 1188 initium
476 1161 568 1188 esse
587 1149 763 1187 naturae
786 1147 1166 1187 accommodatum.
1222 1161 1321 1187 nam
1349 1145 1471 1186 aliter
1491 1145 1697 1200 adpetitio
1726 1144 1837 1201 (eam

124 1219 236 1259 enim
269 1218 467 1259 uolumus
500 1232 589 1258 esse
623 1217 782 1272 ὁρμήν,
824 1232 908 1271 qua
946 1218 998 1258 ad
1030 1218 1240 1273 agendum
1273 1217 1536 1272 impellimur
1568 1220 1609 1258 et
1642 1217 1684 1258 id
1717 1217 1839 1272 adpe-

79 1303 93 1319 ,-
123 1291 257 1331 timus
290 1289 405 1344 quod
437 1291 500 1330 est
532 1287 694 1344 uisum)
727 1289 891 1330 moueri
922 1303 1009 1329 non
1040 1291 1192 1343 potest.
1245 1289 1352 1330 illud
1379 1291 1520 1330 autem
1548 1289 1661 1342 quod
1693 1291 1838 1330 mouet

123 1362 244 1416 prius
278 1363 450 1415 oportet
481 1360 618 1401 uideri
651 1360 774 1414 eique
808 1360 941 1415 credi3
984 1360 1099 1414 quod
1130 1361 1223 1401 fieri
1254 1375 1343 1401 non
1375 1362 1536 1415 potest,
1575 1360 1611 1401 si
1649 1359 1691 1400 id
1724 1360 1839 1413 quod

123 1433 265 1474 uisum
304 1433 384 1473 erit
422 1432 604 1473 discerni
642 1447 729 1473 non
766 1433 927 1485 poterit
964 1446 988 1472 a
1020 1431 1141 1473 falso.
1205 1446 1289 1485 quo
1328 1432 1455 1473 modo
1496 1434 1637 1472 autem
1672 1432 1839 1473 moueri

125 1503 291 1545 animus
324 1503 377 1544 ad
409 1503 693 1557 adpetendum
727 1506 887 1558 potest,
919 1504 955 1544 si
986 1503 1030 1544 id
1061 1502 1175 1557 quod
1199 1503 1370 1544 uidetur
1395 1517 1482 1544 non
1508 1502 1744 1557 percipitur
1770 1502 1837 1543 ad—

125 1574 499 1616 commodatumne
531 1578 708 1616 naturae
742 1576 797 1616 sit
829 1590 883 1615 an
916 1574 1132 1616 alienum?
1182 1575 1389 1629 itemque,
1422 1575 1458 1615 si
1485 1574 1587 1628 quid
1615 1574 1747 1615 officii
1774 1575 1838 1615 sui

125 1647 182 1687 sit
213 1660 299 1687 non
332 1647 517 1688 occurrit
549 1647 710 1699 animo,
742 1645 853 1687 nihil
884 1661 1088 1700 umquam
1122 1646 1296 1687 omnino
1330 1648 1444 1701 aget,
1477 1646 1529 1686 ad
1556 1645 1719 1686 nullam
1748 1660 1838 1687 rem
1859 1659 1872 1682 2

124 1731 328 1771 umquam
361 1717 608 1772 inpelletur⁷
640 1732 875 1771 numquam
910 1717 1165 1759 mouebitur.
1215 1717 1329 1771 quod
1356 1717 1391 1758 si
1417 1716 1579 1771 aliquid
1606 1717 1837 1771 aliquando

124 1791 296 1830 acturus
330 1792 412 1843 est,
443 1803 614 1830 necesse
647 1791 710 1830 est
743 1788 786 1829 id
819 1789 856 1829 ei
888 1804 1038 1830 uerum
1072 1789 1186 1843 quod
1219 1789 1402 1830 occurrit
1434 1788 1582 1830 uideri.

243 1858 355 1909 Quid
382 1860 514 1913 quod,
547 1861 582 1901 si
608 1859 691 1901 ista
717 1875 818 1901 uera
844 1863 960 1915 sunt,
989 1860 1099 1901 ratio
1128 1860 1265 1901 omnis
1292 1860 1461 1901 tollitur
1487 1861 1608 1914 quasi
1632 1859 1837 1914 quaedam

122 1930 197 1972 lux
235 1930 465 1985 lumenque
503 1931 635 1973 uitae:
679 1934 876 1973 tamenne
916 1931 960 1972 in
1001 1932 1085 1972 ista
1128 1933 1339 1985 prauitate
1384 1931 1666 1986 perstabitis?
1740 1945 1837 1972 nam

125 2002 354 2056 quaerendi
390 2002 563 2044 initium
601 2003 711 2044 ratio
751 2002 916 2057 attulit,
955 2017 1062 2057 quae
1100 2002 1278 2056 perfecit
1316 2002 1538 2055 uirtutem,
1585 2017 1681 2044 cum
1726 2005 1838 2043 esset

124 2073 218 2128 ipsa
248 2074 358 2115 ratio
393 2075 646 2116 confirmata
678 2074 941 2128 quaerend03
978 2075 1170 2128 quaestio
1203 2077 1344 2115 autem
1373 2076 1437 2114 est
1463 2073 1669 2128 adpetitio
1697 2073 1838 2129 cogni-

1152 2239 1209 2265 mh

244 2266 264 2295 4
292 2262 464 2296 aestimat
491 2263 530 2305 V,
556 2274 600 2306 pr
620 2263 695 2297 AB
842 2266 861 2295 5
889 2262 957 2296 nisi
977 2262 1036 2296 11111
1052 2263 1129 2296 AV
1160 2262 1229 2297 *ns
1251 2274 1295 2297 ea}
1319 2262 1394 2296 nus
1413 2263 1449 2297 B
1637 2266 1656 2295 6
1683 2264 1840 2306 possunt

132 2311 206 2345 Ven
398 2309 658 2354 siseignorabit
680 2314 683 2351 Ι
705 2310 889 2354 sapientia
915 2311 955 2344 tu
981 2321 1039 2355 mg]
1064 2310 1139 2345 add
1165 2312 1200 2345 A
1395 2314 1412 2343 7
1439 2309 1602 2354 primum
1629 2321 1702 2354 quo
1727 2310 1837 2344 modo

124 2359 158 2392 ci
177 2358 354 2400 Lamum,
379 2358 440 2392 sed
465 2358 506 2400 cf
526 2358 568 2392 de
594 2358 653 2401 off.
674 2371 716 2391 111
738 2361 864 2399 33‚117
892 2368 980 2391 nam
1004 2357 1070 2391 ubi
1096 2358 1258 2402 primum
1282 2357 1506 2402 prudentiae
1531 2358 1634 2392 locus
1661 2357 1838 2392 dabitur?

124 2415 239 2439 accus.
261 2418 288 2438 11
304 2408 406 2447 18‚44
427 2416 541 2449 quare
563 2405 662 2439 enim
681 2405 843 2449 primum
864 2405 928 2438 ille
950 2405 1079 2439 adesse
1099 2405 1220 2440 noluit
1242 2436 1247 2441 .
1266 2435 1271 2440 .
1288 2433 1295 2440 .
1318 2405 1452 2440 deinde
1473 2407 1514 2440 tu
1535 2417 1600 2439 cur
1621 2434 1626 2439 .
1645 2434 1650 2439 .
1668 2433 1674 2439 .
1696 2405 1840 2439 iudices

125 2452 217 2487 alios
245 2452 398 2487 sortitus
425 2456 490 2487 es?
641 2464 791 2495 nomeu,
817 2464 876 2487 me
902 2454 943 2486 in
968 2464 1046 2495 ras,
1072 2466 1092 2486 x
1119 2465 1163 2488 eoe
1189 2464 1226 2496 e,
1255 2454 1368 2496 fuisse
1393 2454 1459 2488 uid
1484 2463 1633 2487 nomine
1661 2454 1696 2487 B

125 2503 145 2533 S
173 2500 260 2534 dein
286 2501 322 2535 B
487 2503 506 2534 9
535 2501 725 2535 dubitault
754 2502 793 2543 V,
815 2513 864 2545 pr
883 2502 957 2535 AB
1112 2502 1334 2543 extremum,
1360 2504 1377 2535 t
1404 2502 1442 2535 tu
1467 2512 1530 2536 ras
1549 2501 1664 2546 paulo
1691 2502 1838 2542 maiores.

125 2548 214 2591 quid
238 2548 352 2590 fuerit
376 2549 567 2583 obscurum
593 2549 628 2583 B
793 2553 836 2582 12
863 2547 1024 2590 11606Π”6,
1051 2548 1090 2582 es
1111 2550 1152 2583 iu
1176 2560 1239 2584 ras
1265 2550 1301 2583 A
1465 2552 1506 2582 19
1536 2547 1635 2582 offici
1661 2548 1697 2582 A
1723 2547 1838 2582 offleii

132 2595 197 2629 VB
380 2599 423 2628 20
450 2595 672 2640 nihilssfiqua
694 2595 737 2641 [l]
759 2597 795 2630 A
977 2600 1019 2629 21
1048 2600 1097 2629 nfi
1117 2596 1356 2631 mouebltur‘?
1391 2598 1463 2639 (om
1490 2598 1618 2639 quam)
1648 2596 1681 2629 V

126 2645 169 2676 23
191 2642 351 2686 qmdqd,
370 2643 432 2678 secl
452 2643 542 2686 quid
564 2644 660 2678 linea
680 2644 737 2678 del
755 2655 830 2685 rec,
858 2644 891 2678 V
1031 2644 1122 2687 quid
1144 2643 1191 2686 si,
1214 2644 1244 2678 si
1264 2645 1297 2679 ct
1318 2645 1518 2679 We'chertus
1540 2644 1612 2678 ‘die
1632 2643 1840 2677 lateim‘sche

126 2690 304 2724 Stillehre’
329 2702 367 2734 p.
392 2694 453 2733 72,
489 2692 576 2735 quia
608 2692 647 2725 id
678 2703 748 2726 usu
776 2691 958 2726 Ciceronis
983 2691 1187 2736 ῙΙιιςμὶῒεϊιιν,ι
1219 2693 1282 2736 qut
1310 2702 1395 2726 usus
1420 2692 1511 2726 mihi
1535 2702 1610 2725 nou
1637 2692 1668 2725 is
1692 2691 1840 2725 ‘uidetur

125 2748 196 2772 esse
222 2739 286 2781 qui
310 2740 549 2782 eaeceptionem
576 2750 648 2773 non
675 2740 854 2773 admittat.
905 2743 985 2782 post
1009 2740 1112 2773 uitae
1132 2743 1226 2773 u.24
1248 2740 1364 2774 lenius
1393 2739 1560 2773 incidunt
1586 2739 1620 2772 tb
1765 2738 1839 2772 ista

126 2796 201 2819 uon
227 2796 317 2828 quae
343 2786 447 2820 modo
473 2787 569 2820 (lixit
594 2787 776 2821 Lucullus
800 2786 862 2821 sed
888 2797 978 2830 quae
1005 2787 1238 2822 aduersarios
1261 2788 1348 2829 fecit
1371 2790 1527 2821 statuere
1693 2788 1737 2818 24
1765 2785 1839 2819 (1οΧ

125 2831 326 2875 lumenque
353 2834 559 2875 Bentletus,
592 2833 781 2877 quoddam
814 2834 926 2867 decus
957 2833 1156 2878 lumenque
1183 2836 1217 2868 σι’
1242 2846 1260 2868 r
1291 2845 1364 2868 uon
1390 2834 1536 2875 melius5
1561 2833 1736 2867 rationem
1765 2833 1838 2867 dict

126 2879 286 2914 arbitror
317 2884 350 2914 et
380 2880 479 2915 uitae
511 2882 620 2915 lucem
653 2882 796 2923 adferre
827 2886 859 2916 et
890 2883 1007 2925 ipsam
1040 2894 1147 2925 quam
1180 2883 1336 2916 mamma
1371 2882 1408 2915 in
1446 2882 1526 2915 uita
1559 2882 1672 2915 lucere

125 2927 324 2972 putabitis
356 2927 390 2973 [e
429 2932 467 2961 ut
500 2928 581 2973 uid]
608 2930 644 2962 A
679 2928 902 2973 pssssstabltis
930 2929 1004 2974 [ae]
1032 2930 1068 2963 B
1268 2932 1310 2962 25
1344 2928 1493 2972 perficit
1519 2929 1626 2972 prior
1651 2939 1663 2961 1
1695 2938 1774 2962 corr
1807 2939 1838 2970 e,

123 2975 301 3018 posterior
326 2975 489 3019 primum
521 2986 602 3010 corr
627 2987 664 3018 e,
699 2976 827 3010 deinde
858 2987 937 3011 cum
969 2988 1031 3011 ras
1062 2978 1256 3011 restituta!
1287 2977 1320 3010 V
1464 2975 1616 3020 perficit
1647 2975 1838 3018 uirtutem,

128 3033 210 3055 cum
244 3023 299 3055 est
332 3023 414 3066 ipsa
448 3022 627 3057 Chr-istius
796 3027 840 3057 26
873 3023 969 3057 ratio
1002 3029 1043 3058 ut
1068 3036 1106 3068 p.
1129 3027 1208 3066 80‚3
1241 3024 1449 3057 addendum
1480 3024 1535 3057 ua
1563 3024 1620 3058 hic
1649 3023 1837 3057 delendum

127 3109 241 3139 censet
275 3106 564 3139 Reitzensteiuus
744 3109 785 3139 ᾧ*
819 3105 907 3151 [Sd]
935 3107 971 3140 B
1144 3078 1663 3151 eogn1t10n1ffi¹=³<³41faest1on1fq.
1692 3105 1839 3148 ÷fuul2

126 3153 369 3196 superscripta
390 3164 507 3196 paene
533 3163 655 3195 erasa,
682 3153 748 3187 illa
775 3153 906 3197 quaest
932 3158 964 3188 et
989 3154 1129 3197 rellqua
1160 3165 1176 3187 e
1209 3164 1289 3188 corr
1320 3158 1426 3197 atque
1456 3157 1599 3197 praeter
1625 3154 1687 3186 wls
1709 3155 1750 3188 iu
1776 3164 1839 3188 ras

1859 946 1892 971 10

1859 1302 1895 1327 15

1859 2015 1895 2040 25
