2211 3653
362 152 419 193 64
906 147 969 181 DE
996 145 1185 182 CATVLO
1210 146 1273 181 ΕΤ
1299 145 1516 182 LVOVLLO

327 278 341 302 1
481 263 576 312 4,12
610 260 758 308 (Philo)
790 259 869 298 ista.
900 271 1000 308 quae
1033 261 1123 298 sunt
1148 258 1233 296 heri
1257 258 1454 296 defensa
1479 260 1600 308 negat
1625 258 1880 297 Academicos
1907 260 2066 297 omnino

362 322 489 360 dicere

326 396 342 420 3
482 381 576 428 7,17
611 377 900 417 fabricemur
927 408 933 415 .
958 408 964 414 .
987 407 994 414 .
1020 375 1182 424 uerba,
1220 389 1267 414 ne
1305 377 1368 414 hic
1401 375 1600 424 (Cicero)
1639 376 1715 414 sibi
1741 407 1748 414 .
1771 407 1807 415 ..
1840 377 1912 414 hoo
1951 377 2067 414 licere

363 441 476 489 putet
507 438 592 477 soli.
654 439 698 485 cf
716 436 839 474 Acad.
867 449 880 473 1
900 449 941 484 2).
970 437 1096 482 46‚14
1112 447 1160 473 ss.
1197 436 1290 483 7‚18
1325 436 1482 473 uisum
1509 466 1574 472 ...
1603 436 1678 474 hoc
1708 449 1792 484 pro
1826 435 2067 488 φαντασίᾳ

361 498 525 537 uerbum
557 498 653 535 sans
685 498 867 534 hesterno
899 508 1075 533 sermone
1107 495 1290 532 triuimus
1323 493 1386 541 (cf
1410 493 1535 533 Acad.
1562 505 1576 531 1
1598 506 1641 541 p,
1671 495 1804 543 54‚1).
1867 495 1962 541 &22
1994 492 2067 532 ε’ν-

363 557 496 603 νοίας
523 555 786 596 ..notitias
820 555 1018 604 appellare
1050 556 1095 592 tu
1127 553 1312 592 uidebare

327 632 341 656 τ
483 617 606 663 25‚79
641 614 841 662 (Cicero)
873 614 958 652 heri
989 626 1067 651 non
1092 613 1310 651 necessario
1336 612 1421 650 loeo
1449 615 1614 650 eontra
1643 625 1807 651 sensus
1833 615 1917 650 tam
1942 613 2069 651 multa

363 676 547 713 dixeram.
600 675 723 722 13,42
751 674 847 712 haec
875 705 880 711 .
904 705 910 711 .
935 704 941 710 .
968 673 1225 711 concidunt
1251 672 1372 710 etiam
1398 671 1642 709 minutius.
1687 673 1732 710 ut
1757 672 1862 710 enim
1887 671 1940 709 de
1966 684 2069 710 sen-

363 734 492 773 sibus
517 735 699 772 hesterno
726 746 903 771 sermone
928 732 1086 771 uidistis
1110 733 1207 770 item
1232 732 1385 770 faciunt
1410 731 1457 769 de
1483 731 1657 780 reliquis.
1708 732 1752 778 cf
1774 732 1867 781 7‚19
1895 730 2018 769 Aoad.
2040 743 2071 768 11

358 806 399 841 p.
422 794 676 842 58,2—59,3

310 867 342 892 11
482 854 580 902 4,10
612 864 753 890 causa
785 849 1050 899 (Antiochi)
1080 882 1085 887 .
1110 882 1116 888 .
1139 882 1146 888 .
1173 850 1356 888 hesterno
1389 862 1565 888 sermone
1597 849 1842 887 labefacta
1875 852 1934 887 est

1205 941 1229 966 21:

312 1033 344 1058 12
484 1019 581 1066 4,10
615 1020 688 1056 etsi
718 1018 802 1055 heri
831 1017 940 1055 ..id
979 1016 1100 1066 quod
1139 1016 1460 1065 quaerebatur
1500 1027 1648 1065 paene
1684 1015 1981 1064 explicatum
2012 1017 2073 1054 est

366 1107 374 1115 .
396 1109 432 1116 ..
471 1080 604 1115 tamen
642 1079 822 1127 exspecto
865 1089 910 1115 ea
942 1088 1042 1126 quae
1074 1078 1118 1113 te
1151 1075 1404 1124 pollicitus
1438 1087 1483 1113 es
1516 1074 1714 1113 Luculle
1747 1074 1802 1112 ab
1833 1075 2070 1113 Antiocho

366 1137 532 1175 audita
564 1137 813 1175 dicturum.

944 1450 1204 1494 CODICES
1236 1452 1271 1493 L
1283 1449 1355 1494 VC
1364 1451 1508 1493 VLLI

649 1546 685 1580 A
720 1546 918 1580 Vossianus
944 1548 988 1579 84

745 1605 786 1639 F
807 1605 1046 1640 Florentinns
1075 1605 1296 1640 Marcianas
1322 1607 1389 1638 257

747 1665 796 1699 Μ
821 1665 1055 1699 Monacensis
1081 1667 1148 1698 528

660 1724 693 1757 V
722 1723 1008 1758 Vindobonensis
1036 1725 1101 1757 189
1131 1723 1266 1767 (deficit
1294 1723 1378 1758 inde
1403 1734 1426 1757 a
1453 1724 1598 1765 32,104)

747 1782 791 1816 N
811 1782 1133 1817 Nostradamensis
1159 1783 1357 1817 Parisinus
1384 1784 1516 1823 17812,
1543 1780 1730 1816 adhibitus
1755 1780 1820 1815 abi
1846 1779 1966 1823 deficit
1994 1779 2027 1813 V

651 1841 687 1875 B
723 1842 920 1876 Vossianus
946 1844 989 1876 86
