2211 3653
41 1197 96 1279 a

123 194 249 228 Varro.
287 192 406 227 Cicero
654 190 960 226 ACADEMICVS
988 191 1003 224 I
1032 194 1288 234 11,42—12,43
1766 191 1823 232 55

116 301 335 342 scientiam
367 299 789 353 comprehensionem
822 298 940 340 illam
974 313 1099 352 quam
1134 299 1222 340 dixi
1255 299 1510 353 collocabat,
1545 313 1721 353 eamque
1754 314 1823 340 ne-

115 385 196 425 que
236 371 280 411 in
317 371 442 412 rectis
482 385 618 425 neque
658 372 701 411 in
740 371 884 425 prauis
917 371 1185 423 numerabat,
1228 370 1301 411 sed
1333 370 1414 411 soli
1447 371 1703 412 credendum
1735 385 1824 413 esse

115 441 293 483 dicebat.
365 456 386 482 e
426 455 509 495 quo
543 441 736 482 sensibus
769 441 896 482 etiam
928 441 1054 481 fidem
1089 441 1316 495 tribuebat,
1349 442 1463 495 quod
1496 444 1542 482 ut
1576 456 1704 496 supra
1737 441 1824 483 dixi

114 512 437 567 comprehensio
478 512 592 553 facta
632 512 826 553 sensibus
868 515 910 553 et
951 527 1050 553 uera
1091 527 1181 553 esse
1223 511 1286 553 illi
1328 515 1369 553 et
1410 513 1546 553 fidelis
1589 513 1825 566 uidebatur,

113 598 201 625 non
239 583 354 638 quod
393 584 536 624 omnia
575 598 684 636 quae
723 586 863 624 essent
896 584 939 623 in
972 598 1016 624 re
1049 583 1442 636 comprehenderet,
1480 583 1553 624 sed
1586 585 1684 637 quia
1716 583 1826 625 nihil

115 654 230 709 quod
268 654 414 695 cadere
453 655 498 695 in
535 668 628 695 eam
667 656 811 708 posset
844 653 1118 708 relinqueret,
1161 653 1360 708 quodque
1392 656 1544 695 natura
1577 655 1698 709 quasi
1730 668 1825 696 nor-

112 740 226 766 mam
259 726 460 767 scientiae
493 728 535 766 et
561 726 818 779 principium
845 726 910 766 sui
938 724 1123 766 dedisset
1150 725 1260 766 unde
1287 728 1435 779 postea
1460 726 1656 767 notiones
1684 741 1825 767 rerum

111 797 157 838 in
188 797 342 837 animis
374 797 723 850 inprimerentur3
762 811 783 837 e
823 796 978 850 quibus
1016 810 1104 837 non
1135 797 1344 850 principia
1375 795 1515 838 solum
1548 796 1619 837 sed
1652 797 1824 838 latiores

113 867 321 922 quaedam
354 867 407 908 ad
432 868 641 909 rationem
668 866 967 908 inueniendam
994 868 1087 908 uiae
1114 868 1395 922 reperiuntur.
1459 881 1645 909 errorem
1681 870 1824 909 autem

112 942 155 979 et
198 939 483 979 temeritatem
533 941 574 979 et
620 939 908 994 ignorantiam
957 940 998 979 et
1040 939 1332 992 opinationem
1376 942 1416 979 et
1457 939 1743 993 suspicionem
1782 942 1823 980 et

110 1023 198 1050 uno
239 1010 412 1050 nomine
453 1010 596 1050 omnia
637 1023 745 1062 quae
787 1012 927 1050 essent
968 1010 1105 1051 aliena
1145 1009 1293 1049 firmae
1332 1012 1373 1050 et
1411 1011 1646 1051 constantis
1686 1025 1823 1051 assen-

111 1081 244 1121 sionis
277 1095 301 1121 a
331 1081 492 1121 uirtute
524 1081 817 1135 sapientiaque
849 1081 1108 1122 remouebat.
1165 1080 1308 1134 Atque
1341 1081 1385 1121 in
1417 1080 1483 1121 his
1516 1080 1603 1121 fere
1636 1094 1824 1122 commu-

111 1152 218 1193 tatio
251 1152 448 1194 constitit
481 1152 619 1193 omnis
652 1152 944 1206 dissensioque
976 1151 1159 1193 Zenonis
1193 1167 1215 1192 a
1248 1152 1572 1205 superioribus.»

230 1221 347 1272 Quae
379 1237 476 1265 cum
510 1223 687 1264 dixisset
720 1222 813 1277 [et],
856 1223 1075 1264 «Breuiter
1112 1237 1212 1264 sane
1251 1223 1511 1277 minimeque
1545 1223 1723 1264 obscure
1755 1238 1826 1264 ex·

109 1294 250 1348 posita
282 1296 368 1335 est»
410 1295 583 1348 inquam
627 1309 673 1335 «a
706 1297 747 1336 te
780 1294 916 1336 Varro
950 1298 991 1335 et
1023 1295 1178 1336 ueteris
1211 1293 1463 1335 Academiae
1496 1295 1606 1335 ratio
1639 1297 1680 1336 et
1714 1292 1825 1336 Stoi-

110 1379 270 1406 corum.
337 1365 491 1406 horum
536 1380 626 1407 esse
665 1368 808 1407 autem
847 1366 1050 1419 arbitror,
1092 1368 1139 1406 ut
1178 1365 1394 1407 Antiocho
1434 1368 1580 1407 nostro
1620 1365 1824 1408 familiari

109 1435 324 1491 placebat,
362 1437 671 1478 correctionem
710 1438 867 1478 ueteris
901 1435 1156 1478 Academiae
1188 1438 1333 1491 potius
1368 1451 1494 1491 quam
1527 1437 1715 1492 aliquam
1749 1452 1823 1479 no-

109 1521 207 1548 uam
241 1506 510 1561 disciplinam
542 1508 810 1562 putandam.»

227 1577 337 1619 Tum
364 1578 498 1620 Varro
526 1578 665 1620 «Tuae
691 1582 792 1620 sunt
818 1594 930 1622 nunc
957 1582 1122 1634 partes»
1156 1580 1298 1633 inquit
1332 1580 1428 1634 «qui
1461 1580 1512 1621 ab
1547 1581 1822 1634 antiquorum

106 1649 273 1691 ratione
305 1649 502 1691 desciscis
535 1653 577 1692 et
608 1664 656 1691 ea
689 1665 796 1705 quae
829 1651 880 1692 ab
913 1650 1104 1692 Arcesila
1136 1653 1294 1692 nouata
1326 1653 1426 1692 sunt
1457 1651 1632 1705 probas,
1672 1650 1821 1692 docere
1844 1669 1856 1692 2

110 1721 226 1776 quod
256 1724 299 1763 et
332 1736 417 1776 qua
448 1721 498 1763 de
531 1736 657 1763 causa
690 1722 915 1764 discidium
946 1722 1108 1764 factum
1136 1723 1203 1775 sit,
1236 1725 1283 1763 ut
1309 1722 1527 1763 uideamus
1555 1722 1713 1763 satisne
1740 1723 1823 1763 ista

108 1793 164 1834 sit
195 1793 308 1834 iusta
340 1793 557 1835 defectio.»

109 1897 222 1932 cum?
368 1898 571 1943 ignotoque
592 1912 642 1943 γφ
790 1901 876 1932 1633
907 1897 1038 1933 Seoetus
1063 1899 1151 1934 ibid.
1179 1898 1391 1942 κατάληψιν
1418 1899 1458 1933 δὲ
1484 1899 1550 1943 τὴν
1577 1900 1711 1943 μεταξὺ
1737 1899 1822 1934 τού-

106 1958 180 1980 των
207 1944 421 1990 (ἐπιστήμης
447 1946 511 1979 καὶ
538 1943 664 1990 δόξης)
770 1945 837 1989 τὴν
863 1945 903 1980 δὲ
930 1945 1142 1991 κατάληψιν
1175 1946 1306 1990 κοινὴν
1333 1945 1553 1990 ἀμφοτέρων
1581 1949 1668 1990 (τῶν
1696 1952 1823 1991 σοφῶν

107 1993 169 2027 καὶ
195 1998 270 2027 τῶν
295 1993 464 2037 φαύλων)
492 1990 589 2028 εἶναι
615 1994 679 2027 καὶ
705 1993 844 2037 ταύτην
869 1993 1060 2038 κριτήριον
1085 1993 1268 2038 ἀληθείας
1293 1993 1526 2028 καθεστάναι

228 2044 244 2074 1
267 2040 464 2084 copfisione
480 2051 500 2074 σ
633 2044 652 2074 2
673 2040 798 2084 paruis
816 2042 849 2074 Γ
865 2042 962 2083 (corr
975 2043 1015 2075 in
1029 2044 1065 2086 y)
1203 2041 1273 2075 soli
1287 2046 1301 2076 t
1314 2042 1508 2076 uer-ebatur
1523 2045 1565 2076 ut
1577 2053 1709 2076 sanum
1723 2047 1822 2083 esset,

107 2087 227 2122 solum
254 2088 288 2122 ei
315 2088 515 2131 Christius;
541 2088 626 2123 uide
647 2089 823 2123 Zellerum
850 2089 892 2123 de
905 2089 1037 2132 philos.
1063 2088 1189 2124 Graec.
1206 2102 1247 2122 111
1270 2093 1286 2122 1
1305 2100 1342 2132 p.
1359 2091 1403 2122 83
1424 2089 1510 2123 adn.
1528 2093 1546 2122 2
1568 2090 1620 2124 cd.
1637 2102 1678 2123 111

107 2162 128 2192 4
149 2159 298 2203 con‘p‘slo
320 2169 339 2193 6
466 2162 485 2193 5
512 2144 563 2203 ‘qd
583 2161 623 2194 in
642 2171 705 2194 ras
723 2160 756 2201 ft
770 2170 818 2203 pr
844 2171 882 2200 π,
903 2170 958 2193 om
980 2161 1014 2193 Γ
1131 2159 1367 2204 coprender&
1387 2170 1406 2194 σ
1528 2163 1548 2193 6
1569 2160 1607 2194 in
1628 2171 1711 2195 eam
1730 2172 1822 2196 com-

101 2207 375 2251 prehensionem
490 2207 663 2251 quodque
678 2217 760 2241 eam
774 2207 906 2240 natura
921 2208 955 2241 ci
970 2208 1169 2242 Manutius
1183 2219 1216 2251 q.
1232 2219 1266 2241 n.
1283 2218 1364 2241 eam
1381 2208 1503 2242 Faber
1619 2211 1638 2242 9
1653 2208 1821 2243 munien-

108 2254 194 2287 dam
214 2267 234 2298 γ
254 2253 475 2288 intuendam
495 2268 536 2300 cp¹
685 2253 937 2298 reperirentur
955 2256 989 2289 ci
1012 2255 1191 2290 Gruterus
1217 2255 1436 2299 aperiuntur
1460 2257 1494 2290 ci
1514 2255 1715 2291 Manutius
1734 2267 1821 2301 ape-

107 2301 268 2335 rirentur
293 2313 337 2336 eoe
357 2302 513 2336 Dauisii
537 2302 742 2336 coniectura
770 2302 852 2336 tbm.
892 2302 933 2344 cf
947 2313 985 2346 p.
1008 2306 1111 2339 45‚13
1140 2303 1218 2337 I'al.
1246 2304 1352 2337 Mam.
1374 2315 1396 2336 v
1418 2306 1435 2336 1
1463 2307 1532 2338 ext.
1554 2306 1573 2336 6
1600 2303 1689 2338 med.
1718 2304 1821 2349 Very.

108 2349 198 2383 Aen.
220 2361 257 2382 1x
278 2352 344 2383 195
475 2352 518 2383 10
543 2349 818 2393 ignorationem
838 2350 1096 2392 Burneianus,
1123 2351 1218 2394 quod
1242 2350 1275 2392 ft
1299 2354 1389 2385 reete
1414 2351 1638 2386 commendat
1657 2363 1699 2394 r;
1723 2352 1766 2395 cf
1779 2353 1821 2385 de

106 2400 182 2431 nat.
209 2397 303 2431 deor.
330 2409 342 2430 1
364 2400 418 2439 1‚2
449 2408 501 2432 ecc.
523 2408 593 2442 pro
621 2396 758 2431 Cluent.
787 2399 913 2438 39,109
1085 2398 1331 2442 suspitionem
1357 2400 1452 2441 Γπ,ς
1472 2398 1506 2433 tb
1679 2402 1720 2432 12
1748 2399 1820 2433 hiis

106 2454 270 2489 u1‚6av,5
300 2444 345 2478 iis
373 2457 394 2482 5
420 2445 514 2479 Rom
690 2448 732 2478 13
774 2444 960 2478 ‘constitit
986 2446 1009 2479 i.
1031 2456 1057 2479 e.
1083 2446 1262 2487 substitit,
1296 2457 1370 2480 non
1402 2447 1501 2480 ultra
1531 2457 1721 2491 proyressa
1754 2448 1817 2482 cst'

108 2492 330 2537 Maduiyius
355 2492 487 2526 entend.
512 2495 600 2533 120,·
625 2492 787 2536 loquitar
812 2493 907 2527 enim
931 2503 976 2526 ex
1001 2493 1176 2528 Antiochi
1193 2495 1382 2528 sententia.
1434 2493 1605 2527 consistit
1626 2497 1715 2538 γ,ηθ
1735 2505 1820 2528 con-

107 2538 173 2572 stit
198 2552 226 2582 φ
373 2543 417 2573 14
443 2541 481 2574 et
506 2539 564 2574 del
589 2540 789 2574 Manutius
936 2543 978 2573 16
1005 2550 1135 2574 uerum
1161 2551 1241 2575 esse
1269 2542 1394 2575 autem
1420 2552 1500 2575 cum
1521 2541 1624 2576 libris
1641 2542 1821 2585 plerisque

108 2587 159 2629 (u.
181 2597 211 2620 a.
234 2597 264 2621 e.
284 2588 330 2630 θ’)
351 2599 381 2629 r,
407 2587 502 2631 quod
527 2587 618 2621 mihi
641 2598 716 2621 non
739 2587 928 2631 probatur,
955 2599 1029 2622 non
1055 2588 1151 2631 quod
1176 2588 1384 2632 putandam
1409 2590 1487 2623 sine
1507 2599 1586 2623 esse
1605 2593 1701 2624 stare
1714 2600 1821 2634 posse

107 2644 181 2668 non
201 2638 323 2677 putem
349 2635 410 2669 sed
430 2636 517 2678 qaia
537 2645 641 2680 acyre
660 2635 887 2669 desideratur
905 2635 1056 2669 subiecti
1075 2636 1178 2680 apud
1197 2637 1426 2679 infinitiuum
1445 2637 1689 2681 siqnificatio;
1711 2648 1820 2680 quam

107 2691 276 2724 assequor
294 2686 436 2726 accepto
456 2693 479 2716 a
503 2682 697 2717 Goerenzio
718 2686 749 2716 et
771 2683 949 2717 Mucllcro
970 2685 1106 2728 (proyr.
1129 2683 1353 2728 Landsbery.
1378 2686 1544 2727 1865,18)
1567 2684 1698 2718 horum
1721 2686 1822 2727 (eam

108 2728 143 2761 ci
155 2728 350 2771 Ernestus)
360 2742 372 2771 ;
386 2730 606 2774 intclleyitur
619 2730 713 2764 enim
734 2729 866 2763 horum
886 2729 1126 2774 disciplinam
1147 2731 1321 2765 breuitate
1340 2735 1440 2773 nota,
1460 2731 1503 2765 de
1520 2742 1592 2775 qua
1607 2731 1689 2775 cfp.
1705 2735 1822 2775 16,17,

107 2774 151 2809 de
175 2786 213 2809 re
233 2786 272 2818 p.
298 2788 341 2809 111
367 2780 470 2818 35‚48
497 2776 568 2811 tibi
677 2776 908 2811 Rhodiorum
936 2805 943 2811 .
962 2806 991 2812 ..
1018 2777 1171 2811 nullane
1204 2777 1355 2812 uidetur
1387 2788 1466 2812 esse
1498 2788 1555 2812 res
1588 2790 1643 2822 p.,
1675 2780 1715 2813 in
1743 2780 1819 2814 Pis.

110 2824 211 2864 18,42
238 2821 382 2856 nullum
408 2825 464 2857 est
489 2823 716 2868 supplicium
741 2824 968 2868 putandum,
995 2836 1068 2869 quo
1096 2825 1196 2859 affici
1222 2836 1311 2860 casu
1337 2824 1465 2870 aliquo
1493 2825 1607 2859 etiam
1633 2825 1722 2860 boni
1748 2826 1820 2860 uiri

107 2868 295 2913 fortesque
320 2872 487 2914 possunt.
529 2873 654 2906 autem
679 2883 760 2906 cum
786 2885 807 2905 κ
833 2872 891 2906 del
919 2871 1074 2907 Orellius
1095 2877 1118 2915 t,
1143 2874 1384 2917 corruptelam
1409 2874 1576 2918 siynauit
1601 2874 1621 2908 b
1778 2875 1821 2908 ut

108 2926 154 2960 σμ
179 2917 217 2950 et
236 2930 258 2951 v
283 2918 323 2950 at
348 2920 481 2963 φφ1,θ,
501 2919 575 2953 add
594 2932 615 2962 y
642 2929 684 2952 ac
705 2932 748 2964 φ,
771 2918 818 2952 ab
840 2932 861 2952 κ
883 2920 922 2953 at
941 2921 978 2954 et
999 2932 1020 2958 5
1039 2922 1081 2953 ut
1102 2920 1148 2954 ab
1169 2932 1209 2965 π1
1234 2922 1274 2954 at
1294 2919 1341 2953 ab
1362 2921 1470 2954 ceteri
1617 2924 1658 2954 17
1683 2931 1820 2955 nouam

108 2962 275 3008 aliquam
301 2978 351 3008 γφ
372 2965 444 2999 tbm
602 2969 645 2999 19
671 2967 752 3000 tum
775 2978 797 3004 5
821 2967 911 3000 tunc
936 2969 1052 3009 ceteri,
1074 2968 1108 3002 tb
1266 2967 1388 3011 du(a)e
1415 2971 1447 3001 Δ
1605 2969 1718 3015 nunc]
1746 2980 1821 3003 non

107 3024 135 3055 φ
161 3011 270 3046 modo
291 3025 312 3055 γ
457 3015 502 3046 20
527 3012 673 3047 ratione
692 3024 790 3047 nunc
810 3016 844 3047 Δ
865 3018 1012 3057 praeter
1038 3027 1058 3052 5
1204 3014 1374 3049 descistis
1400 3028 1425 3058 μ
1443 3015 1520 3058 (sed
1539 3026 1620 3050 corr
1633 3018 1697 3060 pr)
1720 3029 1815 3062 νφφ1

108 3060 168 3104 (φ,
197 3060 398 3105 ambique),
419 3071 440 3097 5
465 3059 615 3094 desistis
641 3073 662 3105 γ
689 3059 844 3095 deciscis
870 3072 910 3106 σιτι
1086 3061 1280 3096 Archesila
1307 3075 1331 3106 μ
1357 3073 1374 3097 e
1399 3073 1490 3106 corr,
1516 3074 1714 3109 oytp,⁷m„5
1740 3065 1820 3098 arte

107 3116 226 3187 {lua-g
367 3106 498 3141 docere
524 3107 586 3142 sed
609 3118 648 3141 re
674 3107 731 3142 del
756 3119 783 3141 π
809 3107 898 3142 doce
924 3120 1004 3154 7:19,
1025 3122 1052 3142 ω
1073 3113 1220 3153 praeter
1246 3120 1266 3147 5
1413 3113 1455 3144 21
1484 3109 1682 3145 dissidium
1706 3124 1821 3155 μγφ,ς

135 3163 188 3187 esr
216 3165 294 3187 rum
320 3164 362 3188 σν

1846 957 1879 981 10

1845 1311 1877 1337 15
