2211 3653
850 208 1062 242 TIMAEVS
1092 212 1283 250 11‚40—41
1840 210 1919 249 187

215 317 396 358 ἀρμοεθὲν
423 316 495 349 [καὶ
523 317 608 357 ἔχον
635 316 691 349 eu*
719 317 816 350 λύειν
844 316 979 350 ἐθέλειν
1007 319 1131 349 κακοῦ.
1490 317 1535 350 οι)
1561 317 1582 350 ἁ.
1610 318 1667 350 καὶ
1693 316 1840 359 ἐπείπερ
1865 327 1922 357 γε·

216 379 340 440 quarn
374 364 474 405 boni
506 367 570 404 est
603 365 778 439 ratione
779 365 990 439 uinctum
1027 364 1135 405 116116
1162 364 1403 440 (1133010616.
1493 365 1562 406 36(1
1591 365 1792 419 quoniam
1819 365 1922 406 estis
1963 385 1970 406 ι

214 459 382 500 Γένηεθε.
459 437 636 491 ἀθάνατοι
664 438 728 500 μέν
755 459 822 492 οὐκ
849 438 926 492 {cre
939 438 1196 492 011δ’ἄλ11το1
1211 459 1254 492 τὸ
1282 459 1451 502 πάμπαν

214 506 315 559 orti,
462 506 699 547 inmortalis
732 520 809 547 003
828 507 1012 582 quidem
1047 521 1136 547 6336
1175 510 1216 548 et
1248 496 1566 549 indissolubiles
1605 522 1688 548 non
1728 508 1921 582 potestiS,
1962 529 1975 551 2

285 601 329 633 οὔ
355 610 388 633 τι
417 601 481 641 μὲν
509 602 552 642 δὴ
580 580 789 642 λυθήεεεθέ
801 611 842 641 γε
1130 581 1216 634 οὐδὲ
1243 601 1408 634 τεύξεεθε
1422 580 1601 634 θανᾶτοι)
1626 582 1770 643 μοίρας

284 649 531 723 neutiquam
564 651 703 723 tamen
738 649 1048 723 (lissoluemini,
1131 663 1267 724 neque
1300 663 1377 690 003
1410 650 1499 690 ulla
1530 650 1679 723 mortis
1714 649 1801 724 fata
1833 664 1922 724 1161·-

1122 744 1189 784 τῆε
1222 742 1310 784 ἐμῆ(
1326 722 1559 784 βουλὴεεω(
1585 742 1750 784 μείζονος
1783 744 1835 776 ἔτι
1868 744 1923 776 δε-

213 794 354 833 ement
387 790 477 832 Γ066
510 791 627 831 fraus
660 790 872 832 ualentior
903 789 1046 844 quam'
1123 790 1347 831 consilium
1375 805 1532 843 meum,
1559 790 1673 844 quod
1699 792 1833 832 maius
1860 794 1925 831 est
1961 814 1975 835 4

214 888 303 926 εμοῡ
331 887 388 918 καὶ
415 885 641 927 κυριωτέρου
669 886 843 926 λαχόντε(
1172 883 1324 918 ἐκείνων
1476 884 1531 918 οἶ(
1836 885 1892 919 ὅτ’

213 934 430 975 uinculum
455 932 519 1009 ad
548 934 876 988 perpetuitatem
910 934 1026 973 uest]
1029 947 1094 973 am
1170 947 1296 986 quam
1331 932 1404 973 illa
1474 932 1630 1008 quibus
1663 934 1762 974 estis
1831 936 1923 975 tum
1963 955 1976 976 f,

214 1028 397 1069 εγίγνεεθε
721 1028 933 1061 ευνεδεῑεθε.
1021 1029 1088 1059 νῦν
1115 1027 1182 1060 οὖν
1210 1027 1230 1060 ὃ
1257 1027 1352 1068 λέγω
1381 1007 1489 1069 Ιπρὸ(
1515 1028 1608 1068 ὑμᾶς
1629 1007 1922 1069 {noeturnuevocl

213 1091 310 1118 cum
342 1076 634 1132 gignebamini
721 1075 936 1130 conligati.
1024 1075 1126 1129 quid
1159 1075 1338 1116 sentiam
1371 1076 1504 1130 igitur
1530 1077 1791 1152 cognoscite.
1962 1099 1977 1119 r,

213 1171 357 1211 μάθετε.
433 1171 550 1213 θνητὰ
578 1171 629 1204 ἔτι
655 1150 744 1212 Γένη
772 1170 880 1203 λοιπὰ
905 1169 988 1212 τρία
1015 1169 1246 1213 ΓάγέννηταἹ·
1633 1171 1780 1204 τούτων
1807 1172 1846 1204 δὲ
1874 1172 1921 1212 μὴ

425 1219 508 1294 tria
527 1233 682 1274 genera
704 1217 858 1260 Γ11101113
880 1218 1052 1294 reliqua
1065 1222 1164 1294 sunt
1184 1233 1326 1295 eaque
1336 1219 1552 1295 mortalia
1627 1219 1783 1295 quibus
1804 1233 1922 1295 piae·
1962 1243 1974 1265 ῑ

209 1314 421 1356 γενομένων
506 1313 666 1356 οὐρανὸς
690 1292 823 1355 ἀῗελὴ(
850 1314 965 1346 έεται
1425 1314 1471 1347 τὰ
1496 1293 1579 1356 Γὰρ
1595 1293 1728 1347 ἅπαντ
1754 1314 1793 1347 ἐν
1820 1315 1922 1357 αὐτῷ

210 1362 416 1403 ter-missis
506 1362 611 1403 caeli
642 1361 855 1402 absolutio
887 1361 1074 1415 perfecta
1110 1376 1198 1403 non
1233 1362 1333 1403 erit:
1427 1364 1569 1404 omnia
1613 1362 1725 1404 enim
1770 1376 1923 1417 genera
1962 1390 1977 1404 ,κ

329 1556 345 1584 1
375 1550 514 1584 bonum
539 1551 772 1595 Auyastimcs
919 1554 1008 1584 1—6
1031 1551 1319 1595 Auyustz'nus
1340 1550 1381 1584 cle
1401 1552 1470 1585 eiu.
1494 1552 1566 1585 Dei
1586 1563 1662 1584 xxn
1685 1554 1728 1583 26
1750 1550 1924 1584 emendet

208 1597 321 1632 libros
348 1609 432 1632 3003
459 1598 615 1632 istorum
641 1597 807 1631 omnium
832 1597 1013 1642 magister
1039 1597 1144 1632 Plato
1173 1598 1209 1630 et
1236 1598 1338 1632 (licat
1364 1609 1490 1633 eorum
1515 1598 1620 1640 (1603,
1647 1599 1689 1632 ut
1711 1598 1814 1633 beati
1835 1598 1920 1639 sint,

207 1656 275 1680 sua
307 1656 461 1690 corpora
492 1645 677 1691 fugituros
709 1644 748 1678 id
784 1646 840 1679 est
875 1656 953 1680 esse
990 1645 1206 1686 morituros,
1242 1656 1333 1689 quos
1370 1646 1407 1679 in
1444 1646 1665 1680 caelestibus
1702 1645 1919 1690 corporibus

208 1693 304 1727 dixit
328 1693 508 1735 inclusos,
541 1692 676 1736 quibus
702 1693 829 1726 tamen
855 1693 962 1735 deus,
997 1703 1018 1725 3
1044 1704 1117 1737 quo
1143 1692 1236 1727 facti
1263 1695 1365 1736 sunt,
1399 1705 1472 1737 quo
1502 1696 1656 1738 possent
1683 1704 1762 1727 6336
1789 1694 1921 1740 securi„

207 1740 517 1775 inmortalitatem
542 1740 581 1774 id
609 1741 664 1774 est
690 1740 729 1774 in
749 1740 889 1774 eisdem
910 1740 1126 1785 corporibus
1147 1742 1337 1774 aeternam
1358 1741 1675 1785 permansionem,
1699 1752 1773 1775 non
1793 1752 1919 1775 eorum

206 1790 341 1822 natura
366 1788 405 1822 id
431 1788 593 1823 habente
613 1787 679 1822 sed
699 1798 763 1821 suo
784 1787 938 1822 consilio
962 1787 1219 1833 praeualente,
1248 1788 1421 1832 promisit
1443 1817 1448 1822 .
1466 1817 1471 1823 .
1489 1816 1496 1823 .
1518 1789 1751 1833 apertissime
1779 1789 1919 1833 quippe

206 1837 310 1870 iuxta
336 1836 495 1870 eundem
522 1835 785 1880 philosophum
810 1835 875 1869 ubi
902 1836 959 1869 dis
987 1847 1008 1869 a
1034 1847 1072 1869 se
1098 1835 1209 1870 factis
1235 1836 1408 1880 promisit
1433 1836 1523 1870 deus
1547 1848 1620 1870 non
1640 1836 1761 1870 factus
1782 1836 1918 1870 inmor-

207 1883 393 1918 talitatem
425 1883 525 1927 quod
557 1883 775 1927 inpossibile
806 1885 863 1917 est
890 1894 928 1917 36
954 1883 1050 1917 dixit
1081 1893 1159 1917 esse
1187 1883 1383 1918 facturum.
1437 1884 1489 1918 sic
1516 1883 1613 1918 enim
1641 1894 1724 1918 enm
1751 1884 1916 1918 locutum

206 1933 333 1966 narrat
358 1931 481 1966 Plato:
517 1930 710 1974 ‘quoniam
736 1930 825 1965 estis
858 1931 945 1965 orti'
973 1930 1098 1974 inquit
1130 1931 1361 1966 ‘inmortales
1389 1943 1467 1966 6336
1494 1933 1532 1965 et
1630 1931 1838 1976 conligati'.
1886 1931 1916 1964 si

206 1990 279 2013 non
305 1978 423 2013 solum
451 1978 603 2013 absurdi
629 1978 695 2013 sed
721 1978 823 2012 surdi
849 1989 922 2012 non
949 1980 1036 2012 sunt
1061 1978 1125 2022 qui
1151 1978 1243 2012 haec
1270 1979 1446 2022 audiunt,
1477 1991 1552 2013 non
1585 1979 1716 2023 utique
1742 1978 1918 2012 dubitant

205 2026 264 2060 dis
296 2025 405 2061 factis
439 2026 485 2060 ab
518 2025 582 2060 illo
616 2025 684 2059 deo
717 2026 782 2069 qui
814 2037 875 2060 eos
907 2026 998 2060 fecit
1030 2026 1235 2060 secundum
1261 2025 1455 2060 Platonem
1489 2026 1588 2070 quod
1615 2029 1671 2061 est
1696 2025 1916 2071 inpossibile

205 2074 320 2108 fuisse
350 2074 583 2118 promissum.
641 2073 705 2117 qui
738 2073 837 2108 enim
869 2074 962 2107 dicit
995 2074 1076 2108 ‘uos
1109 2073 1261 2118 quidem
1293 2074 1509 2108 inmortales
1542 2085 1622 2109 esse
1654 2085 1728 2108 non
1760 2074 1917 2118 potestis
1944 2107 1946 2109 ,

205 2122 271 2155 sed
296 2132 379 2156 mea
404 2121 600 2156 uoluntate
626 2120 843 2156 inmortales
870 2121 1002 2164 eritis'‚
1029 2121 1120 2165 quid
1148 2120 1250 2154 aliud
1278 2121 1370 2155 dicit
1396 2132 1509 2166 quam
1537 2121 1591 2155 ‘id
1617 2122 1718 2166 quod
1744 2121 1822 2155 fieri
1844 2131 1917 2154 non

205 2171 330 2214 potest
360 2180 418 2202 me
450 2168 610 2202 faciente
642 2170 768 2202 tamen
801 2169 931 2202 eritis⁷.
983 2170 1025 2211 cf
1044 2169 1136 2203 z'dem
1162 2169 1250 2203 ibid.
1272 2182 1292 2202 x
1314 2173 1356 2202 31
1379 2182 1445 2203 x111
1468 2173 1664 2204 17.18.19.
1710 2170 1820 2204 idem
1846 2180 1916 2203 ser-

207 2228 307 2251 mone
333 2220 436 2258 ‘241‚8
462 2215 653 2250 inducitur
679 2215 769 2250 deus
802 2227 823 2250 a
849 2216 1004 2250 Platone
1037 2216 1118 2260 ipso
1151 2215 1292 2260 alloqui
1327 2217 1414 2250 deos
1443 2245 1450 2251 .
1467 2245 1497 2251 ..
1526 2219 1639 2261 atque
1671 2216 1769 2251 inter
1794 2217 1918 2251 cetera

205 2264 329 2298 dicere
354 2263 429 2297 illis
459 2262 819 2307 “(100013111...000
851 2264 1007 2308 potestis
1041 2266 1092 2307 (us.
1115 2264 1180 2306 2)’.
1226 2264 1301 2298 iam
1335 2265 1382 2298 ad
1415 2264 1527 2298 istam
1558 2275 1689 2298 uocem
1721 2264 1777 2298 illi
1803 2264 1917 2298 intre-

204 2311 360 2346 miscere
385 2312 627 2356 poterant...
650 2322 738 2355 ergo
769 2312 812 2345 ut
843 2311 895 2345 eis
928 2311 1093 2346 auferret
1123 2311 1312 2355 timorem,
1346 2314 1493 2346 secutus
1527 2312 1699 2346 adiunxit
1725 2313 1838 2356 atque
1865 2311 1919 2345 ait

207 2360 295 2394 ‘non
320 2361 447 2394 tamen
473 2358 731 2393 dissoluemini
759 2361 810 2402 (u.
827 2361 863 2402 3)
881 2388 886 2393 .
906 2386 935 2393 ..
957 2359 1025 2393 illa
1050 2359 1186 2403 quibus
1213 2359 1381 2404 colligati
1403 2359 1518 2394 estis’.
1559 2371 1643 2394 ecce
1664 2360 1754 2394 deus
1776 2359 1841 2393 dat
1861 2370 1917 2393 se-

205 2407 400 2442 curitatem
429 2406 501 2440 diis
527 2417 549 2440 a·
575 2416 614 2440 se
639 2405 750 2440 factis
903 2411 922 2440 2
950 2408 1063 2440 ortnn
1087 2406 1211 2452 morltl
1236 2406 1461 2449 mmor-talis,
1488 2408 1651 2453 mmorlti
1680 2408 1847 2449 inducta,
1874 2407 1922 2440 hs

203 2466 284 2489 corr
309 2453 394 2488 <oles
417 2454 451 2487 B
645 2465 709 2487 uos
742 2454 894 2497 quidem
925 2466 981 2489 om
1008 2455 1241 2500 Anyustivms
1265 2466 1292 2489 6.
1315 2455 1364 2489 I).
1386 2467 1461 2488 xxu
1490 2455 1566 2497 (sed
1597 2455 1682 2489 uide
1713 2466 1825 2499 supra
1858 2466 1916 2489 ex-

203 2503 355 2546 scripta)
390 2506 422 2536 et
450 2513 571 2543 svm„
602 2502 707 2536 habet
739 2502 829 2536 idem
863 2512 890 2536 c.
917 2502 967 2536 D.
994 2515 1060 2535 xm
1259 2502 1346 2536 inde
1379 2502 1553 2537 solubiles
1581 2513 1661 2537 corr
1692 2502 1770 2545 ind]
1805 2502 1847 2535 [ἴω
1871 2503 1919 2544 A,

204 2551 354 2618 degsx
382 2573 416 2605 V
557 2576 577 2606 3
603 2572 823 2617 neutiquam
848 2574 956 2608 etiam
982 2574 1084 2617 apud
1104 2574 1259 2618 Auyust.
1280 2587 1307 2608 6.
1330 2574 1378 2608 D.
1401 2587 1467 2607 xm
1496 2574 1709 2608 Veronensis
1731 2585 1811 2608 cum.
1831 2574 1918 2608 aliis

206 2624 290 2655 (nec
308 2631 505 2664 umquam,
526 2630 747 2664 numquam,
766 2631 1004 2664 nequaquam
1023 2621 1189 2665 reliqui),
1210 2632 1283 2655 non
1304 2621 1397 2655 idem
1417 2634 1444 2656 e.
1462 2622 1509 2656 D.
1526 2634 1601 2655 xxu
1619 2625 1651 2655 et
1669 2633 1771 2656 serm.

203 2675 329 2703 tamen
356 2678 450 2710 qnae
476 2669 511 2702 A
537 2670 704 2711 tamenq-
735 2669 769 2703 V
908 2672 928 2702 4
954 2679 1022 2703 nec
1048 2670 1156 2702 erunt
1182 2668 1393 2703 ualentiora
1418 2670 1534 2704 tribus
1560 2669 1646 2704 Iocis
1672 2670 1915 2714 Aayustinus,

207 2716 288 2750 aide
313 2715 421 2759 (αἴῃ.
440 2718 562 2758 186,7,·
587 2716 630 2750 de
648 2715 781 2758 fr'amle
805 2717 846 2758 ef
863 2728 899 2760 p.
924 2719 1026 2758 191‚5
1054 2717 1095 2751 cle
1121 2717 1183 2761 leq.
1206 2729 1247 2749 111
1268 2719 1347 2757 4,ss
1375 2717 1422 2751 al.
1617 2719 1648 2750 5.
1667 2720 1686 2749 6
1719 2718 1798 2750 tum
1833 2727 1916 2750 cum

204 2762 461 2808 gignebamini
482 2774 535 2797 om
558 2764 790 2808 Augastssrms
808 2765 925 2799 tribus
950 2764 1038 2798 locis
1059 2765 1101 2805 (e.
1118 2765 1167 2798 D.
1188 2776 1255 2797 1111
1275 2763 1350 2798 add
1371 2764 1444 2799 dett
1462 2764 1627 2808 qnidam)
1777 2763 1913 2807 quibus

205 2833 375 2877 colligati
402 2833 490 2868 estis
517 2834 611 2867 idem
637 2834 674 2867 in
696 2845 854 2868 sermone
1023 2839 1042 2868 6
1064 2823 1319 2880 gignebamnn
1347 2836 1382 2869 B
1555 2834 1919 2876 sentiam***,t1am

205 2893 246 2915 m
271 2892 349 2923 ras,
374 2881 487 2924 feccrit
513 2881 735 2915 sententiam
761 2882 796 2915 B
965 2886 993 2916 7.
1011 2886 1030 2915 8
1057 2883 1098 2925 cf
1118 2883 1351 2936 Augustanus
1377 2883 1418 2916 de
1444 2893 1514 2916 ceu.
1537 2883 1609 2916 Dez
1629 2895 1679 2915 x11
1702 2885 1744 2915 27
1772 2892 1859 2915 nam
1887 2882 1918 2915 si

206 2928 311 2962 nulla
338 2939 450 2963 causa
477 2930 532 2963 est
557 2928 713 2962 uiuendi
744 2928 783 2962 in
815 2929 884 2963 hoc
911 2940 1064 2974 corpore
1095 2929 1168 2963 nisi
1200 2931 1353 2975 propter
1384 2929 1581 2973 pendenda
1614 2928 1816 2973 supplicia
1846 2940 1918 2973 quo

206 2976 316 3010 modo
343 2975 436 3010 dicit
461 2975 561 3009 idem
592 2974 699 3009 Plato
733 2976 842 3010 aliter
872 2977 1053 3010 mundum
1086 2977 1164 3011 fieri
1197 2989 1270 3012 non
1296 2977 1461 3020 potuisse
1487 2976 1780 3020 pulcherrimum
1806 2978 1918 3020 atque

204 3023 409 3068 optimum
435 3023 507 3056 nisi
535 3022 700 3056 omnium
721 3023 939 3057 animalium
958 3024 997 3057 id
1018 3025 1075 3058 est
1095 3026 1131 3058 et
1151 3023 1408 3059 inmortalium
1429 3026 1466 3057 et
1485 3023 1700 3058 mortalium
1720 3023 1918 3069 generibus

205 3070 434 3114 inpleretur?
473 3070 504 3104 si
536 3072 661 3104 autem
694 3072 822 3104 nostra
852 3071 1060 3114 institutio,
1092 3082 1166 3116 qua
1196 3072 1257 3106 uel
1288 3071 1463 3106 mortales
1491 3071 1631 3105 conditi
1652 3083 1795 3114 sumus,
1823 3071 1918 3105 diui-

205 3130 294 3152 num
320 3129 452 3151 munus
485 3119 558 3160 est,
591 3128 664 3160 quo
696 3117 806 3151 modo
839 3129 959 3163 poena
991 3119 1048 3153 est
1079 3119 1126 3153 ad
1152 3119 1225 3153 ista
1253 3129 1406 3163 corpora
1432 3118 1471 3152 id
1497 3120 1553 3152 est
1579 3119 1626 3153 ad
1654 3119 1784 3153 diuina
1809 3118 1918 3153 bene-

206 3176 290 3211 ficia
317 3182 505 3212 remeare?
545 3177 637 3211 idem
664 3176 751 3211 ibid.
774 3181 817 3211 25
839 3190 904 3211 xm
929 3182 969 3211 19
1117 3181 1135 3211 7
1163 3171 1266 3223 praet
1283 3177 1413 3220 missls,
1440 3189 1468 3211 ae
1495 3190 1538 3213 em
1565 3188 1585 3211 a
1613 3179 1648 3213 B
