2211 3653
350 914 382 938 10

350 1269 380 1294 15

406 149 461 191 66
1050 148 1293 183 chvLLVs
1320 153 1352 193 1,
1373 153 1465 183 2—3

404 257 532 299 rudis.
582 257 733 298 habuit
758 258 871 298 enim
898 256 1086 298 diuinam
1115 256 1325 311 quandam
1352 257 1603 298 memoriam
1629 272 1770 300 rerum
1797 284 1853 288 —
1880 259 2110 301 uerborum

404 328 607 370 maiorem
645 327 919 383 Hortensius3
958 328 1030 369 sed
1069 342 1152 382 quo
1190 328 1288 382 plus
1327 328 1371 368 in
1408 328 1594 383 negotiis
1638 329 1832 383 gerendis
1869 344 1936 370 res
1982 345 2109 384 quam

402 399 534 440 uerba
564 401 758 453 prosunt,
792 399 875 440 hoc
907 401 996 440 erat
1028 398 1233 439 memoria
1270 398 1345 439 illa
1380 399 1675 453 praestantior.
1741 414 1867 454 quam
1902 400 2033 442 fuisse
2065 401 2107 442 in

403 468 708 522 Themistocle,
746 483 871 522 quem
908 469 1032 510 facile
1073 468 1269 510 Graeciae
1307 469 1544 524 principem
1589 471 1807 526 ponimus,
1852 472 2109 527 singularem

401 541 562 594 ferunt,
602 539 673 594 qui
713 540 883 594 quidem
922 540 1049 581 etiam
1089 539 1311 594 pollicenti
1349 540 1514 581 cuidam
1554 555 1598 582 se
1630 543 1765 582 artem
1801 542 1837 582 ei
1870 543 2113 597 memoriae,

404 626 511 665 quae
542 613 633 652 tum
665 611 852 665 primum
884 611 1198 665 proferebatur,
1230 611 1484 652 traditurum
1519 612 1787 666 respondisse
1820 613 1974 654 dicitur
2006 613 2111 655 obli—

403 682 510 723 uisci
543 696 586 723 se
612 681 739 723 malle
765 681 944 735 discere,
972 682 1095 723 credo
1124 682 1238 736 quod
1263 682 1494 724 haerebam:
1519 683 1565 723 in
1589 683 1794 724 memoria
1820 698 2113 738 quaecumque

403 753 594 794 audierat
627 755 668 794 et
694 753 870 794 uiderat.
932 753 1009 794 tali
1035 753 1207 808 ingenio
1234 753 1450 807 praedibus
1477 753 1680 795 Lucullus
1707 754 1957 796 adiunxerat
1983 756 2111 797 etiam

403 823 520 866 illam
560 838 687 878 quani
725 823 1034 865 Themistocles
1076 827 1295 878 spreuerat
1339 824 1632 880 disciplinam3
1677 825 1821 880 itaque
1864 829 1912 867 ut
1955 825 2110 868 litteris

403 896 702 950 consignamus
742 910 849 949 quae
887 895 1161 937 monimentis
1199 896 1400 937 mandare
1437 897 1638 937 uolumus
1677 896 1737 939 sic
1775 896 1847 938 ille
1885 897 1929 938 in
1967 898 2110 939 animo

402 981 467 1008 res
501 967 734 1020 insculptas
766 966 960 1008 habebat.
1024 970 1169 1007 tantus
1202 981 1304 1022 ergo
1337 966 1569 1022 imperator
1601 967 1646 1008 in
1681 968 1797 1008 omni
1824 982 1976 1023 genere
2009 968 2111 1010 belli
2139 982 2145 989 ·

401 1037 501 1093 fuit,
538 1038 713 1092 proeliis
753 1037 1148 1092 oppugnationibus
1185 1037 1411 1080 naualibus
1450 1037 1606 1094 pugnis
1644 1039 1863 1093 totiusque
1907 1039 2009 1080 belli
2049 1039 2111 1081 in-

403 1111 641 1150 strumento
675 1111 716 1150 et
748 1109 971 1164 adparatu,
1004 1111 1051 1149 ut
1083 1109 1155 1150 ille
1187 1124 1261 1150 rex
1292 1111 1392 1164 post
1424 1108 1717 1151 Alexandrum
1746 1125 1971 1152 maxumus
1997 1111 2111 1152 hunc

402 1195 425 1220 a
453 1194 497 1221 se
529 1181 732 1221 maiorem
760 1180 908 1221 ducem
937 1181 1158 1236 cognitum
1187 1195 1314 1234 quam
1342 1195 1598 1235 quemquam
1625 1196 1772 1222 eorum
1807 1196 1912 1236 quos
1937 1181 2112 1238 legisset

401 1251 617 1292 fateretur.
680 1251 724 1292 in
759 1250 905 1292 eodem
936 1253 1056 1292 tanta
1087 1251 1314 1305 prudentia
1345 1251 1428 1293 fuit
1459 1252 1502 1292 in
1535 1252 1844 1294 constituendis
1874 1255 2113 1307 temperan-

403 1322 552 1376 disque
578 1321 839 1375 ciuitatibus,
865 1324 985 1363 tanta
1012 1322 1214 1376 aequitas,
1240 1325 1289 1363 ut
1314 1322 1442 1364 hodie
1468 1325 1553 1364 stet
1578 1322 1682 1363 Asia
1706 1322 1877 1365 Luculli
1902 1323 2114 1365 institutis

402 1394 619 1435 seruandis
652 1395 694 1434 et
726 1393 846 1447 quasi
878 1393 1075 1448 uestigiis
1108 1394 1424 1448 persequendis.
1489 1393 1571 1435 Sed
1603 1394 1683 1436 etsi
1715 1409 1870 1450 magna
1902 1408 1998 1436 cum
2030 1395 2115 1436 uti-

401 1464 523 1505 litate
554 1464 615 1505 rei
647 1479 686 1518 p.
720 1467 863 1505 tamen
894 1464 1054 1506 diutius
1089 1479 1215 1518 quam
1248 1465 1403 1506 uellem
1435 1467 1553 1506 tanta
1585 1465 1650 1506 uis
1687 1465 1859 1507 uirtutis
1892 1468 2019 1521 atque
2051 1466 2112 1506 in-

402 1535 517 1590 genii
548 1535 818 1590 peregrinata
849 1535 958 1576 afuit
991 1535 1042 1576 ab
1076 1535 1211 1576 oculis
1244 1538 1286 1577 et
1317 1536 1399 1577 fori
1432 1538 1473 1577 et
1506 1537 1658 1579 curiae.
1722 1537 1825 1591 quin
1861 1536 1989 1578 etiam
2015 1551 2111 1578 cum

350 1625 364 1649 2
402 1606 540 1648 uictor
572 1621 596 1646 a
627 1605 918 1648 Mithridatico
947 1606 1061 1647 bello
1093 1607 1358 1662 reuertisset,
1391 1608 1662 1649 inimicorum
1689 1608 1902 1650 calumnia
1929 1608 2114 1649 triennio

403 1677 566 1719 tardius
599 1693 726 1732 quam
760 1661 1296 1733 debuerattriumphauit3
1328 1692 1406 1719 nos
1437 1678 1548 1719 enim
1575 1679 1770 1720 consules
1798 1679 2113 1720 introduximus

403 1764 535 1803 paene
579 1749 623 1789 in
667 1749 815 1790 urbem
855 1763 1025 1790 currum
1064 1748 1288 1790 clarissimi
1327 1749 1420 1790 uiri.
1490 1749 1610 1791 cuius
1655 1750 1761 1791 mihi
1800 1750 2026 1792 consilium
2071 1752 2113 1790 et

404 1820 634 1861 auctoritas
673 1819 775 1874 quid
813 1823 904 1861 tum
941 1821 986 1861 in
1024 1820 1222 1861 maximis
1260 1820 1387 1862 rebus
1425 1821 1658 1875 profuisset
1699 1821 1899 1874 dicerem,
1939 1821 2022 1862 nisi
2061 1821 2114 1862 de

404 1906 470 1932 me
509 1892 601 1945 ipso
641 1891 865 1932 dicendum
904 1894 1032 1945 esset,
1074 1892 1188 1946 quod
1225 1892 1308 1933 hoc
1351 1895 1547 1946 tempore
1578 1907 1671 1936 vnon
1716 1896 1778 1934 est
1821 1906 2015 1947 necesse3
2052 1892 2113 1933 ita

350 1980 382 2005 25
404 1963 581 2016 priuabo
614 1963 758 2017 potius
784 1962 906 2004 illum
934 1962 1077 2004 debito
1106 1963 1351 2004 testimonio
1380 1978 1506 2017 quani
1534 1963 1577 2004 id
1605 1978 1700 2005 cum
1728 1979 1821 2004 mea
1848 1964 1972 2005 laude
1999 1978 2114 2005 com-

404 2033 627 2074 municem.

404 2221 603 2264 bellorum,
635 2222 721 2265 post
746 2221 785 2254 in
811 2221 1005 2255 consulatu
1031 2221 1197 2256 historiis
1225 2222 1412 2257 studuisse
1438 2224 1480 2256 ut
1506 2222 1606 2257 bella
1633 2222 1816 2257 destituta
1843 2223 2054 2268 (descripta
2079 2224 2113 2258 ω’

405 2269 611 2311 Dccuisiu85
649 2268 785 2303 bellica
818 2268 993 2303 instituta
1029 2270 1252 2315 Madw'yz'us
1286 2270 1419 2305 emend.
1453 2273 1536 2313 123)
1574 2271 1821 2315 cognosceret.
1882 2270 1980 2305 hunc
2016 2270 2113 2314 (hoe

407 2316 604 2359 Graeceius)
639 2316 678 2349 in
709 2315 774 2349 illo
808 2316 956 2361 dialogo
990 2317 1053 2360 qui
1081 2318 1256 2351 scribitur
1283 2317 1523 2361 (inscribitur
1549 2319 1748 2362 Damius)
1782 2317 1957 2352 Lucullus
1985 2317 2113 2352 Cicero

405 2363 529 2407 docet,
555 2363 655 2398 unde
682 2365 718 2397 et
743 2363 782 2397 in
809 2363 1007 2398 Hortensio
1034 2364 1208 2398 Lucullus
1235 2365 1430 2399 historiam
1456 2365 1639 2399 laudauit.
1688 2366 1729 2409 cf
1743 2365 1830 2401 Sall.
1852 2367 1933 2411 luy.
1956 2369 2059 2408 85,12

525 2449 542 2479 1
571 2434 659 2479 *ἒῃῑ
692 2446 761 2491 [61],
794 2447 869 2481 add
900 2451 940 2481 ut
971 2447 1052 2492 uid]
1082 2448 1115 2481 V
1291 2448 1421 2482 diuma
1453 2460 1496 2482 eae
1528 2460 1580 2482 <va
1610 2449 1645 2483 V
1820 2453 1839 2482 5
1873 2460 1947 2492 ejss,
1976 2461 1991 2492 J
2025 2460 2068 2483 επ
2098 2461 2110 2482 1

406 2529 542 2574 [hasta]
564 2530 598 2563 A
630 2501 660 2562 {³3}
688 2529 722 2563 V
743 2539 798 2563 ei*
820 2541 901 2564 cum
920 2540 982 2564 ras
1001 2541 1045 2564 ex
1065 2530 1093 2563 ὣ
1115 2531 1150 2564 Β
1298 2534 1315 2564 7
1337 2529 1466 2573 malle,
1482 2532 1589 2575 prior
1608 2530 1618 2563 l
1641 2531 1716 2565 cedd
1742 2532 1777 2565 B
1922 2531 2112 2566 haerebant

404 2588 448 2611 cxc
472 2577 569 2610 harm
596 2577 632 2610 Β
778 2580 798 2610 8
825 2577 862 2610 et
895 2578 939 2619 V,
966 2588 1046 2612 corr
1072 2576 1125 2611 aiT
1139 2579 1195 2620 A;
1221 2580 1286 2612 aut
1312 2579 1359 2611 Β.
1404 2579 1445 2611 sin
1476 2589 1514 2612 re
1539 2579 1712 2623 avzbiyua
1741 2584 1859 2613 tamen
1889 2579 1983 2613 fillml
2006 2590 2110 2623 prae-

404 2625 490 2659 tuli:
518 2624 559 2658 de
584 2625 647 2668 fin.
669 2636 690 2657 v
712 2627 814 2667 19‚52
841 2634 898 2658 res
925 2625 1049 2669 gestas
1070 2625 1199 2659 audire
1221 2627 1257 2659 et
1276 2625 1401 2670 legere
1421 2625 1537 2668 uelle,
1561 2626 1602 2659 de.
1622 2636 1693 2660 sen.
1718 2629 1796 2667 ‹3‚20
1817 2626 1916 2669 quod
1937 2627 1968 2660 si
1987 2626 2112 2672 legere

405 2685 469 2717 aut
495 2683 624 2717 audire
650 2682 785 2717 uoletis
813 2684 966 2717 externa
1018 2699 1020 2702 ·
1097 2683 1301 2730 predictus,
1328 2685 1368 2718 m
1394 2696 1451 2730 my
1475 2683 1496 2717 l*
1520 2673 1604 2729 sidit
1631 2686 1665 2720 V
1807 2689 1846 2719 11
1869 2685 2058 2730 inculptas
2075 2687 2111 2720 Β

526 2734 568 2764 12
595 2730 831 2764 instrumenti
860 2732 893 2765 V
1068 2735 1110 2764 14
1137 2735 1322 2775 quamque
1355 2743 1484 2775 quam,
1518 2743 1537 2766 e
1564 2744 1606 2767 ew
1632 2743 1654 2766 a
1680 2733 1716 2766 Β
1898 2733 2043 2778 leglsl'et
2068 2745 2113 2768 eae

405 2778 485 2812 ‹wsse
515 2779 552 2812 V.
597 2777 751 2822 legisset
776 2789 856 2812 cum
882 2782 1010 2821 quarto
1038 2790 1124 2813 casu
1149 2783 1190 2812 ut
1216 2789 1436 2823 cognoscere
1590 2783 1631 2814 16
1658 2780 1770 2814 hodie
1798 2780 1859 2814 st&
1890 2781 1951 2815 sed
1977 2780 2040 2816 st&
2071 2782 2112 2815 z'sn

404 2861 466 2884 ras
492 2849 666 2894 ampliore
686 2850 721 2884 A
754 2825 1021 2893 bodieestetffi,
1054 2850 1092 2884 et
1117 2850 1191 2884 add
1220 2850 1253 2884 V
1273 2849 1385 2884 hodie
1411 2850 1520 2894 *st-a
1547 2851 1599 2896 [e]
1626 2851 1662 2885 Β
1809 2854 1850 2885 17
1883 2852 1941 2898 sed
1961 2852 2113 2895 punctis

404 2924 445 2954 ut
464 2920 531 2954 uid
551 2920 664 2954 erasis
686 2921 719 2955 V
842 2924 885 2955 18
905 2920 989 2955 unus
1008 2921 1049 2967 [1]
1071 2921 1106 2954 Β
1237 2924 1278 2954 19
1309 2898 1404 2963 {fuit
1429 2933 1486 2956 rec
1504 2923 1539 2956 A
1568 2921 1680 2956 affuit
1707 2923 1741 2956 V
1880 2925 1924 2956 20
1950 2921 2111 2956 uertiss&

405 2979 449 3011 pr
476 2968 509 3001 V
649 2967 860 3009 acalumma
880 2969 913 3002 A
1060 2972 1103 3002 22
1125 2967 1214 3002 urbe
1235 2979 1279 3003 ex
1304 2979 1354 3002 we
1375 2969 1487 3004 AVB
1630 2969 1918 3003 claril'l'lmumirl
1938 2980 2017 3004 corr
2037 2969 2112 3003 cla-

405 3038 621 3071 risl'imuulri
650 3039 731 3082 (sic)
760 3039 795 3072 Β
966 3044 1009 3074 24
1036 3024 1119 3073 itam
1147 3040 1231 3082 Vm,·
1263 3039 1305 3082 cf
1324 3039 1367 3074 de
1398 3040 1516 3074 dium.
1537 3053 1565 3074 11
1587 3043 1666 3083 9524
1701 3041 1800 3075 Tusc.
1822 3053 1843 3074 v
1865 3044 1967 3083 23‚66

407 3111 450 3141 25
471 3108 574 3141 illum
597 3109 721 3152 potius
742 3109 813 3144 dett
841 3111 914 3145 Veu
934 3122 953 3144 r
1097 3114 1226 3144 cumea
1253 3122 1296 3145 eoe
1316 3121 1444 3145 cumea
1468 3111 1545 3145 AV
1568 3094 1711 3154 cfiffaB
