<?xml version="1.0" encoding="UTF-8"?>
<!DOCTYPE html PUBLIC "-//W3C//DTD XHTML 1.0 Transitional//EN"
    "http://www.w3.org/TR/xhtml1/DTD/xhtml1-transitional.dtd">
<html xmlns="http://www.w3.org/1999/xhtml" xml:lang="en" lang="en">
 <head>
  <title>
</title>
<meta http-equiv="Content-Type" content="text/html;charset=utf-8" />
  <meta name='ocr-system' content='tesseract 3.04.00' />
  <meta name='ocr-capabilities' content='ocr_page ocr_carea ocr_par ocr_line ocrx_word'/>
</head>
<body>
  <div class='ocr_page' id='page_1' title='image "./paradoxastoicoru01ciceuoft_0070.png"; bbox 0 0 2211 3653; ppageno 0'>
   <div class='ocr_carea' id='block_1_1' title="bbox 364 178 1409 224">
    <p class='ocr_par' dir='ltr' id='par_1_1' title="bbox 364 178 1409 224">
     <span class='ocr_line' id='line_1_1' title="bbox 364 178 1409 224; baseline -0.002 -9"><span class='ocrx_word' id='word_1_1' title='bbox 364 183 419 224; x_wconf 77' lang='grc'>62</span> <span class='ocrx_word' id='word_1_2' title='bbox 1027 178 1334 214; x_wconf 89' lang='lat' dir='ltr'>ACADEMICVS</span> <span class='ocrx_word' id='word_1_3' title='bbox 1359 179 1409 213; x_wconf 83' lang='lat'>111</span> 
     </span>
    </p>
   </div>
   <div class='ocr_carea' id='block_1_2' title="bbox 325 287 2069 415">
    <p class='ocr_par' dir='ltr' id='par_1_2' title="bbox 325 287 2069 415">
     <span class='ocr_line' id='line_1_2' title="bbox 325 287 2067 345; baseline -0.002 -12"><span class='ocrx_word' id='word_1_4' title='bbox 325 311 338 333; x_wconf 84' lang='grc'>1</span> <span class='ocrx_word' id='word_1_5' title='bbox 361 291 474 345; x_wconf 90' lang='lat' dir='ltr'>quod</span> <span class='ocrx_word' id='word_1_6' title='bbox 509 291 544 331; x_wconf 87' lang='lat' dir='ltr'>si</span> <span class='ocrx_word' id='word_1_7' title='bbox 577 290 723 331; x_wconf 89' lang='lat' dir='ltr'>liceret</span> <span class='ocrx_word' id='word_1_8' title='bbox 754 292 803 330; x_wconf 90' lang='lat' dir='ltr'>ut</span> <span class='ocrx_word' id='word_1_9' title='bbox 834 289 886 329; x_wconf 88' lang='lat' dir='ltr'>iis</span> <span class='ocrx_word' id='word_1_10' title='bbox 920 288 992 342; x_wconf 91' lang='lat' dir='ltr'>qui</span> <span class='ocrx_word' id='word_1_11' title='bbox 1025 288 1068 328; x_wconf 90' lang='lat' dir='ltr'>in</span> <span class='ocrx_word' id='word_1_12' title='bbox 1101 288 1251 328; x_wconf 87' lang='lat' dir='ltr'>itinere</span> <span class='ocrx_word' id='word_1_13' title='bbox 1290 287 1602 329; x_wconf 84' lang='lat' dir='ltr'>deerrauissent</span> <span class='ocrx_word' id='word_1_14' title='bbox 1640 288 1701 328; x_wconf 87' lang='lat' dir='ltr'>sic</span> <span class='ocrx_word' id='word_1_15' title='bbox 1730 289 1865 329; x_wconf 86' lang='lat' dir='ltr'>uitam</span> <span class='ocrx_word' id='word_1_16' title='bbox 1899 288 2067 329; x_wconf 84' lang='lat' dir='ltr'>deuiam</span> 
     </span>
     <span class='ocr_line' id='line_1_3' title="bbox 361 358 2069 415; baseline -0.002 -12"><span class='ocrx_word' id='word_1_17' title='bbox 361 364 527 403; x_wconf 86' lang='lat' dir='ltr'>secutos</span> <span class='ocrx_word' id='word_1_18' title='bbox 565 361 775 415; x_wconf 82' lang='lat' dir='ltr'>corrigere</span> <span class='ocrx_word' id='word_1_19' title='bbox 808 373 991 400; x_wconf 90' lang='lat' dir='ltr'>errorem</span> <span class='ocrx_word' id='word_1_20' title='bbox 1024 358 1292 412; x_wconf 78' lang='lat' dir='ltr'>paenitendo,</span> <span class='ocrx_word' id='word_1_21' title='bbox 1326 358 1493 400; x_wconf 81' lang='lat' dir='ltr'>facilior</span> <span class='ocrx_word' id='word_1_22' title='bbox 1525 361 1637 400; x_wconf 90' lang='lat' dir='ltr'>esset</span> <span class='ocrx_word' id='word_1_23' title='bbox 1668 359 1906 399; x_wconf 87' lang='lat' dir='ltr'>emendatio</span> <span class='ocrx_word' id='word_1_24' title='bbox 1940 361 2069 399; x_wconf 80' lang='lat' dir='ltr'>teme-</span> 
     </span>
    </p>
   </div>
   <div class='ocr_carea' id='block_1_3' title="bbox 360 433 1225 489">
    <p class='ocr_par' dir='ltr' id='par_1_3' title="bbox 360 433 1225 489">
     <span class='ocr_line' id='line_1_4' title="bbox 360 433 1225 489; baseline 0.001 -16"><span class='ocrx_word' id='word_1_25' title='bbox 360 433 498 474; x_wconf 87' lang='lat' dir='ltr'>ritatis</span> <span class='ocrx_word' id='word_1_26' title='bbox 1202 464 1225 489; x_wconf 49' lang='lat' dir='ltr'>‚g</span> 
     </span>
    </p>
   </div>
   <div class='ocr_carea' id='block_1_4' title="bbox 325 534 2068 650">
    <p class='ocr_par' dir='ltr' id='par_1_4' title="bbox 325 534 2068 650">
     <span class='ocr_line' id='line_1_5' title="bbox 325 534 2068 594; baseline -0.002 -15"><span class='ocrx_word' id='word_1_27' title='bbox 325 557 338 579; x_wconf 78' lang='lat'>4</span> <span class='ocrx_word' id='word_1_28' title='bbox 362 538 583 594; x_wconf 82' lang='lat' dir='ltr'>digladiari</span> <span class='ocrx_word' id='word_1_29' title='bbox 623 540 763 578; x_wconf 89' lang='lat' dir='ltr'>autem</span> <span class='ocrx_word' id='word_1_30' title='bbox 798 551 980 590; x_wconf 79' lang='lat' dir='ltr'>semper,</span> <span class='ocrx_word' id='word_1_31' title='bbox 1014 535 1256 591; x_wconf 81' lang='lat' dir='ltr'>depugnare</span> <span class='ocrx_word' id='word_1_32' title='bbox 1289 535 1333 575; x_wconf 89' lang='lat' dir='ltr'>in</span> <span class='ocrx_word' id='word_1_33' title='bbox 1364 534 1617 576; x_wconf 85' lang='lat' dir='ltr'>facinorosis</span> <span class='ocrx_word' id='word_1_34' title='bbox 1649 538 1691 575; x_wconf 88' lang='lat' dir='ltr'>et</span> <span class='ocrx_word' id='word_1_35' title='bbox 1716 535 1946 576; x_wconf 86' lang='lat' dir='ltr'>audacibus</span> <span class='ocrx_word' id='word_1_36' title='bbox 1973 536 2068 589; x_wconf 86' lang='lat' dir='ltr'>quis</span> 
     </span>
     <span class='ocr_line' id='line_1_6' title="bbox 358 605 1735 650; baseline -0.003 0"><span class='ocrx_word' id='word_1_37' title='bbox 358 623 443 650; x_wconf 89' lang='lat' dir='ltr'>non</span> <span class='ocrx_word' id='word_1_38' title='bbox 478 623 573 650; x_wconf 88' lang='lat' dir='ltr'>cum</span> <span class='ocrx_word' id='word_1_39' title='bbox 607 608 894 649; x_wconf 85' lang='lat' dir='ltr'>miserrimum</span> <span class='ocrx_word' id='word_1_40' title='bbox 927 609 1019 647; x_wconf 88' lang='lat' dir='ltr'>tum</span> <span class='ocrx_word' id='word_1_41' title='bbox 1052 607 1178 647; x_wconf 86' lang='lat' dir='ltr'>etiam</span> <span class='ocrx_word' id='word_1_42' title='bbox 1216 605 1518 647; x_wconf 86' lang='lat' dir='ltr'>stultissimum</span> <span class='ocrx_word' id='word_1_43' title='bbox 1552 605 1735 647; x_wconf 78' lang='lat' dir='ltr'>dixerit?</span> 
     </span>
    </p>
   </div>
   <div class='ocr_carea' id='block_1_5' title="bbox 324 700 1470 892">
    <p class='ocr_par' dir='ltr' id='par_1_5' title="bbox 324 700 1470 892">
     <span class='ocr_line' id='line_1_7' title="bbox 1199 700 1222 726; baseline 0 -5"><span class='ocrx_word' id='word_1_44' title='bbox 1199 700 1222 726; x_wconf 61' lang='grc' dir='ltr'>»ιε</span> 
     </span>
     <span class='ocr_line' id='line_1_8' title="bbox 324 772 1470 828; baseline -0.003 -13"><span class='ocrx_word' id='word_1_45' title='bbox 324 792 337 815; x_wconf 69' lang='lat' dir='ltr'>e</span> <span class='ocrx_word' id='word_1_46' title='bbox 360 774 503 827; x_wconf 87' lang='lat' dir='ltr'>aliqua</span> <span class='ocrx_word' id='word_1_47' title='bbox 534 775 724 828; x_wconf 89' lang='lat' dir='ltr'>potestas</span> <span class='ocrx_word' id='word_1_48' title='bbox 758 772 825 827; x_wconf 80' lang='lat' dir='ltr'>sit,</span> <span class='ocrx_word' id='word_1_49' title='bbox 857 773 1045 813; x_wconf 85' lang='lat' dir='ltr'>uindicet</span> <span class='ocrx_word' id='word_1_50' title='bbox 1078 787 1120 813; x_wconf 85' lang='lat' dir='ltr'>se</span> <span class='ocrx_word' id='word_1_51' title='bbox 1153 773 1195 812; x_wconf 89' lang='lat' dir='ltr'>in</span> <span class='ocrx_word' id='word_1_52' title='bbox 1228 772 1470 813; x_wconf 87' lang='lat' dir='ltr'>libertatem</span> 
     </span>
     <span class='ocr_line' id='line_1_9' title="bbox 1198 866 1221 892; baseline 0 0"><span class='ocrx_word' id='word_1_53' title='bbox 1198 866 1221 892; x_wconf 61' lang='lat' dir='ltr'>a:</span> 
     </span>
    </p>
   </div>
   <div class='ocr_carea' id='block_1_6' title="bbox 324 936 2071 1065">
    <p class='ocr_par' dir='ltr' id='par_1_6' title="bbox 324 936 2071 1065">
     <span class='ocr_line' id='line_1_10' title="bbox 324 936 2071 992; baseline -0.002 -11"><span class='ocrx_word' id='word_1_54' title='bbox 324 959 337 982; x_wconf 90' lang='lat'><strong>7</strong></span> <span class='ocrx_word' id='word_1_55' title='bbox 358 940 465 980; x_wconf 85' lang='lat' dir='ltr'>mihi</span> <span class='ocrx_word' id='word_1_56' title='bbox 504 942 646 981; x_wconf 89' lang='lat' dir='ltr'>autem</span> <span class='ocrx_word' id='word_1_57' title='bbox 685 953 771 980; x_wconf 92' lang='lat' dir='ltr'>non</span> <span class='ocrx_word' id='word_1_58' title='bbox 803 939 930 980; x_wconf 89' lang='lat' dir='ltr'>modo</span> <span class='ocrx_word' id='word_1_59' title='bbox 965 938 1016 979; x_wconf 88' lang='lat' dir='ltr'>ad</span> <span class='ocrx_word' id='word_1_60' title='bbox 1049 938 1300 992; x_wconf 69' lang='lat' dir='ltr'>sapientiam</span> <span class='ocrx_word' id='word_1_61' title='bbox 1334 937 1446 979; x_wconf 86' lang='lat' dir='ltr'>caeci</span> <span class='ocrx_word' id='word_1_62' title='bbox 1478 936 1675 978; x_wconf 88' lang='lat' dir='ltr'>uidemur</span> <span class='ocrx_word' id='word_1_63' title='bbox 1708 937 1779 978; x_wconf 85' lang='lat' dir='ltr'>sed</span> <span class='ocrx_word' id='word_1_64' title='bbox 1812 937 1862 977; x_wconf 87' lang='lat' dir='ltr'>ad</span> <span class='ocrx_word' id='word_1_65' title='bbox 1896 951 1944 977; x_wconf 93' lang='lat' dir='ltr'>ea</span> <span class='ocrx_word' id='word_1_66' title='bbox 1975 937 2071 991; x_wconf 84' lang='lat' dir='ltr'>ipsa</span> 
     </span>
     <span class='ocr_line' id='line_1_11' title="bbox 359 1007 1766 1065; baseline -0.003 -13"><span class='ocrx_word' id='word_1_67' title='bbox 359 1025 466 1065; x_wconf 87' lang='lat' dir='ltr'>quae</span> <span class='ocrx_word' id='word_1_68' title='bbox 499 1009 642 1065; x_wconf 89' lang='lat' dir='ltr'>aliqua</span> <span class='ocrx_word' id='word_1_69' title='bbox 674 1025 725 1051; x_wconf 84' lang='lat' dir='ltr'>ex</span> <span class='ocrx_word' id='word_1_70' title='bbox 757 1013 876 1064; x_wconf 88' lang='lat' dir='ltr'>parte</span> <span class='ocrx_word' id='word_1_71' title='bbox 909 1009 1021 1051; x_wconf 89' lang='lat' dir='ltr'>cerni</span> <span class='ocrx_word' id='word_1_72' title='bbox 1055 1008 1281 1050; x_wconf 88' lang='lat' dir='ltr'>uideantur</span> <span class='ocrx_word' id='word_1_73' title='bbox 1312 1007 1487 1049; x_wconf 86' lang='lat' dir='ltr'>hebetes</span> <span class='ocrx_word' id='word_1_74' title='bbox 1520 1010 1562 1049; x_wconf 91' lang='lat' dir='ltr'>et</span> <span class='ocrx_word' id='word_1_75' title='bbox 1594 1007 1766 1049; x_wconf 89' lang='lat' dir='ltr'>obtunsi</span> 
     </span>
    </p>
   </div>
   <div class='ocr_carea' id='block_1_7' title="bbox 1202 1103 1225 1128">
    <p class='ocr_par' dir='ltr' id='par_1_7' title="bbox 1202 1103 1225 1128">
     <span class='ocr_line' id='line_1_12' title="bbox 1202 1103 1225 1128; baseline 0 -5"><span class='ocrx_word' id='word_1_76' title='bbox 1202 1103 1225 1128; x_wconf 64' lang='lat' dir='ltr'>&gt;ie</span> 
     </span>
    </p>
   </div>
   <div class='ocr_carea' id='block_1_8' title="bbox 324 1178 2071 1289">
    <p class='ocr_par' dir='ltr' id='par_1_8' title="bbox 324 1178 2071 1289">
     <span class='ocr_line' id='line_1_13' title="bbox 324 1178 1365 1230; baseline -0.003 -12"><span class='ocrx_word' id='word_1_77' title='bbox 324 1194 338 1218; x_wconf 86' lang='lat'>9</span> <span class='ocrx_word' id='word_1_78' title='bbox 360 1181 669 1230; x_wconf 81' lang='lat' dir='ltr'>disputationem</span> <span class='ocrx_word' id='word_1_79' title='bbox 702 1191 741 1217; x_wconf 90' lang='lat' dir='ltr'>se</span> <span class='ocrx_word' id='word_1_80' title='bbox 773 1179 956 1217; x_wconf 86' lang='lat' dir='ltr'>habuisse</span> <span class='ocrx_word' id='word_1_81' title='bbox 989 1191 1076 1216; x_wconf 88' lang='lat' dir='ltr'>cum</span> <span class='ocrx_word' id='word_1_82' title='bbox 1108 1178 1158 1214; x_wconf 88' lang='lat' dir='ltr'>M.</span> <span class='ocrx_word' id='word_1_83' title='bbox 1187 1179 1365 1215; x_wconf 84' lang='lat' dir='ltr'>Varrone</span> 
     </span>
     <span class='ocr_line' id='line_1_14' title="bbox 359 1243 2071 1289; baseline -0.002 0"><span class='ocrx_word' id='word_1_84' title='bbox 359 1248 531 1289; x_wconf 87' lang='lat' dir='ltr'>homine</span> <span class='ocrx_word' id='word_1_85' title='bbox 565 1247 756 1288; x_wconf 88' lang='lat' dir='ltr'>omnium</span> <span class='ocrx_word' id='word_1_86' title='bbox 789 1245 913 1286; x_wconf 87' lang='lat' dir='ltr'>facile</span> <span class='ocrx_word' id='word_1_87' title='bbox 940 1246 1186 1288; x_wconf 83' lang='lat' dir='ltr'>acutissimo</span> <span class='ocrx_word' id='word_1_88' title='bbox 1215 1249 1257 1286; x_wconf 90' lang='lat' dir='ltr'>et</span> <span class='ocrx_word' id='word_1_89' title='bbox 1282 1245 1372 1286; x_wconf 85' lang='lat' dir='ltr'>sine</span> <span class='ocrx_word' id='word_1_90' title='bbox 1398 1245 1486 1286; x_wconf 89' lang='lat' dir='ltr'>ulla</span> <span class='ocrx_word' id='word_1_91' title='bbox 1519 1243 1788 1286; x_wconf 87' lang='lat' dir='ltr'>dubitatione</span> <span class='ocrx_word' id='word_1_92' title='bbox 1822 1244 2071 1286; x_wconf 86' lang='lat' dir='ltr'>doctissimo</span> 
     </span>
    </p>
   </div>
   <div class='ocr_carea' id='block_1_9' title="bbox 1201 1340 1225 1365">
    <p class='ocr_par' dir='ltr' id='par_1_9' title="bbox 1201 1340 1225 1365">
     <span class='ocr_line' id='line_1_15' title="bbox 1201 1340 1225 1365; baseline 0 0"><span class='ocrx_word' id='word_1_93' title='bbox 1201 1340 1225 1365; x_wconf 67' lang='lat' dir='ltr'>ss</span> 
     </span>
    </p>
   </div>
   <div class='ocr_carea' id='block_1_10' title="bbox 306 1414 1262 1455">
    <p class='ocr_par' dir='ltr' id='par_1_10' title="bbox 306 1414 1262 1455">
     <span class='ocr_line' id='line_1_16' title="bbox 306 1414 1262 1455; baseline -0.004 0"><span class='ocrx_word' id='word_1_94' title='bbox 306 1432 336 1455; x_wconf 82' lang='grc'>11</span> <span class='ocrx_word' id='word_1_95' title='bbox 1163 1414 1262 1452; x_wconf 84' lang='lat' dir='ltr'>fixus</span> 
     </span>
    </p>
   </div>
   <div class='ocr_carea' id='block_1_11' title="bbox 1201 1504 1225 1530">
    <p class='ocr_par' dir='ltr' id='par_1_11' title="bbox 1201 1504 1225 1530">
     <span class='ocr_line' id='line_1_17' title="bbox 1201 1504 1225 1530; baseline 0 0"><span class='ocrx_word' id='word_1_96' title='bbox 1201 1504 1225 1530; x_wconf 63' lang='lat' dir='ltr'>&gt;k</span> 
     </span>
    </p>
   </div>
   <div class='ocr_carea' id='block_1_12' title="bbox 360 1575 2071 1631">
    <p class='ocr_par' dir='ltr' id='par_1_12' title="bbox 360 1575 2071 1631">
     <span class='ocr_line' id='line_1_18' title="bbox 360 1575 2071 1631; baseline -0.002 -11"><span class='ocrx_word' id='word_1_97' title='bbox 360 1579 538 1631; x_wconf 73' lang='lat' dir='ltr'>Reliqua</span> <span class='ocrx_word' id='word_1_98' title='bbox 576 1579 771 1620; x_wconf 74' lang='lat' dir='ltr'>librorum</span> <span class='ocrx_word' id='word_1_99' title='bbox 804 1589 854 1617; x_wconf 88' lang='lat'>111</span> <span class='ocrx_word' id='word_1_100' title='bbox 893 1582 928 1619; x_wconf 75' lang='lat' dir='ltr'>ei</span> <span class='ocrx_word' id='word_1_101' title='bbox 960 1589 1005 1617; x_wconf 89' lang='lat' dir='ltr'>1v</span> <span class='ocrx_word' id='word_1_102' title='bbox 1042 1578 1279 1630; x_wconf 60' lang='lat' dir='ltr'>fragmenta</span> <span class='ocrx_word' id='word_1_103' title='bbox 1316 1578 1405 1618; x_wconf 84' lang='lat' dir='ltr'>suis</span> <span class='ocrx_word' id='word_1_104' title='bbox 1436 1577 1535 1618; x_wconf 80' lang='lat' dir='ltr'>locis</span> <span class='ocrx_word' id='word_1_105' title='bbox 1566 1576 1738 1618; x_wconf 73' lang='lat' dir='ltr'>Lucullo</span> <span class='ocrx_word' id='word_1_106' title='bbox 1769 1575 2071 1618; x_wconf 70' lang='lat' dir='ltr'>subscribentur</span> 
     </span>
    </p>
   </div>
   <div class='ocr_carea' id='block_1_13' title="bbox 352 1810 2073 3184">
    <p class='ocr_par' dir='ltr' id='par_1_13' title="bbox 352 1810 2073 3184">
     <span class='ocr_line' id='line_1_19' title="bbox 479 1810 2071 1857; baseline -0.002 -10"><span class='ocrx_word' id='word_1_107' title='bbox 479 1817 568 1847; x_wconf 88' lang='lat'>1—3</span> <span class='ocrx_word' id='word_1_108' title='bbox 591 1814 652 1857; x_wconf 80' lang='lat' dir='ltr'>(fr.</span> <span class='ocrx_word' id='word_1_109' title='bbox 677 1816 736 1856; x_wconf 82' lang='lat'>16)</span> <span class='ocrx_word' id='word_1_110' title='bbox 764 1814 1040 1847; x_wconf 76' lang='lat' dir='ltr'>Lactantius</span> <span class='ocrx_word' id='word_1_111' title='bbox 1066 1812 1141 1847; x_wconf 86' lang='lat' dir='ltr'>diu.</span> <span class='ocrx_word' id='word_1_112' title='bbox 1169 1813 1253 1847; x_wconf 82' lang='lat' dir='ltr'>inst.</span> <span class='ocrx_word' id='word_1_113' title='bbox 1274 1825 1309 1845; x_wconf 88' lang='lat' dir='ltr'>v1</span> <span class='ocrx_word' id='word_1_114' title='bbox 1332 1815 1407 1854; x_wconf 79' lang='lat'>24‚1</span> <span class='ocrx_word' id='word_1_115' title='bbox 1437 1822 1505 1846; x_wconf 90' lang='lat' dir='ltr'>nec</span> <span class='ocrx_word' id='word_1_116' title='bbox 1525 1812 1651 1845; x_wconf 86' lang='lat' dir='ltr'>tamen</span> <span class='ocrx_word' id='word_1_117' title='bbox 1672 1811 1821 1845; x_wconf 88' lang='lat' dir='ltr'>deficiat</span> <span class='ocrx_word' id='word_1_118' title='bbox 1841 1810 1976 1854; x_wconf 83' lang='lat' dir='ltr'>aliquis</span> <span class='ocrx_word' id='word_1_119' title='bbox 2004 1811 2071 1844; x_wconf 82' lang='lat' dir='ltr'>aut</span> 
     </span>
     <span class='ocr_line' id='line_1_20' title="bbox 360 1857 2068 1905; baseline -0.001 -12"><span class='ocrx_word' id='word_1_120' title='bbox 360 1861 404 1895; x_wconf 87' lang='lat' dir='ltr'>de</span> <span class='ocrx_word' id='word_1_121' title='bbox 432 1872 469 1895; x_wconf 91' lang='lat' dir='ltr'>se</span> <span class='ocrx_word' id='word_1_122' title='bbox 489 1862 569 1905; x_wconf 87' lang='lat' dir='ltr'>ipse</span> <span class='ocrx_word' id='word_1_123' title='bbox 596 1861 779 1904; x_wconf 83' lang='lat' dir='ltr'>desperet,</span> <span class='ocrx_word' id='word_1_124' title='bbox 807 1860 836 1894; x_wconf 87' lang='lat' dir='ltr'>si</span> <span class='ocrx_word' id='word_1_125' title='bbox 859 1861 923 1893; x_wconf 86' lang='lat' dir='ltr'>aut</span> <span class='ocrx_word' id='word_1_126' title='bbox 943 1859 1150 1903; x_wconf 86' lang='lat' dir='ltr'>cupiditate</span> <span class='ocrx_word' id='word_1_127' title='bbox 1170 1859 1291 1893; x_wconf 87' lang='lat' dir='ltr'>uictus</span> <span class='ocrx_word' id='word_1_128' title='bbox 1313 1861 1378 1893; x_wconf 85' lang='lat' dir='ltr'>aut</span> <span class='ocrx_word' id='word_1_129' title='bbox 1397 1859 1554 1893; x_wconf 80' lang='lat' dir='ltr'>libidine</span> <span class='ocrx_word' id='word_1_130' title='bbox 1574 1858 1756 1903; x_wconf 88' lang='lat' dir='ltr'>impulsus</span> <span class='ocrx_word' id='word_1_131' title='bbox 1778 1860 1843 1892; x_wconf 84' lang='lat' dir='ltr'>aut</span> <span class='ocrx_word' id='word_1_132' title='bbox 1862 1869 1982 1892; x_wconf 85' lang='lat' dir='ltr'>errore</span> <span class='ocrx_word' id='word_1_133' title='bbox 2006 1857 2068 1891; x_wconf 88' lang='lat' dir='ltr'>de-</span> 
     </span>
     <span class='ocr_line' id='line_1_21' title="bbox 360 1904 2069 1952; baseline -0.002 -9"><span class='ocrx_word' id='word_1_134' title='bbox 360 1910 488 1952; x_wconf 84' lang='lat' dir='ltr'>ceptus</span> <span class='ocrx_word' id='word_1_135' title='bbox 509 1910 574 1942; x_wconf 86' lang='lat' dir='ltr'>aut</span> <span class='ocrx_word' id='word_1_136' title='bbox 599 1909 637 1942; x_wconf 90' lang='lat' dir='ltr'>ui</span> <span class='ocrx_word' id='word_1_137' title='bbox 664 1909 813 1942; x_wconf 87' lang='lat' dir='ltr'>coactus</span> <span class='ocrx_word' id='word_1_138' title='bbox 841 1907 889 1940; x_wconf 85' lang='lat' dir='ltr'>ad</span> <span class='ocrx_word' id='word_1_139' title='bbox 915 1907 1122 1941; x_wconf 87' lang='lat' dir='ltr'>iniustitiae</span> <span class='ocrx_word' id='word_1_140' title='bbox 1148 1907 1249 1941; x_wconf 87' lang='lat' dir='ltr'>uiam</span> <span class='ocrx_word' id='word_1_141' title='bbox 1275 1906 1402 1950; x_wconf 87' lang='lat' dir='ltr'>lapsus</span> <span class='ocrx_word' id='word_1_142' title='bbox 1430 1908 1504 1949; x_wconf 73' lang='lat' dir='ltr'>est3</span> <span class='ocrx_word' id='word_1_143' title='bbox 1530 1908 1655 1950; x_wconf 88' lang='lat' dir='ltr'>potest</span> <span class='ocrx_word' id='word_1_144' title='bbox 1681 1906 1779 1940; x_wconf 88' lang='lat' dir='ltr'>enim</span> <span class='ocrx_word' id='word_1_145' title='bbox 1806 1905 1932 1940; x_wconf 83' lang='lat' dir='ltr'>reduci</span> <span class='ocrx_word' id='word_1_146' title='bbox 1959 1916 2001 1939; x_wconf 85' lang='lat' dir='ltr'>ac</span> <span class='ocrx_word' id='word_1_147' title='bbox 2024 1904 2069 1939; x_wconf 91' lang='lat' dir='ltr'>li—</span> 
     </span>
     <span class='ocr_line' id='line_1_22' title="bbox 359 1952 2067 1999; baseline -0.002 -9"><span class='ocrx_word' id='word_1_148' title='bbox 359 1956 491 1998; x_wconf 86' lang='lat' dir='ltr'>berari,</span> <span class='ocrx_word' id='word_1_149' title='bbox 514 1956 543 1990; x_wconf 87' lang='lat' dir='ltr'>si</span> <span class='ocrx_word' id='word_1_150' title='bbox 565 1968 647 1990; x_wconf 89' lang='lat' dir='ltr'>eum</span> <span class='ocrx_word' id='word_1_151' title='bbox 668 1955 861 1999; x_wconf 87' lang='lat' dir='ltr'>paeniteat</span> <span class='ocrx_word' id='word_1_152' title='bbox 882 1956 1048 1989; x_wconf 86' lang='lat' dir='ltr'>actorum</span> <span class='ocrx_word' id='word_1_153' title='bbox 1075 1956 1113 1989; x_wconf 92' lang='lat' dir='ltr'>et</span> <span class='ocrx_word' id='word_1_154' title='bbox 1133 1955 1179 1988; x_wconf 89' lang='lat' dir='ltr'>ad</span> <span class='ocrx_word' id='word_1_155' title='bbox 1201 1954 1355 1989; x_wconf 78' lang='lat' dir='ltr'>meliora</span> <span class='ocrx_word' id='word_1_156' title='bbox 1376 1965 1575 1988; x_wconf 86' lang='lat' dir='ltr'>conuersus</span> <span class='ocrx_word' id='word_1_157' title='bbox 1596 1954 1687 1988; x_wconf 88' lang='lat' dir='ltr'>satis</span> <span class='ocrx_word' id='word_1_158' title='bbox 1706 1953 1784 1987; x_wconf 90' lang='lat' dir='ltr'>Deo</span> <span class='ocrx_word' id='word_1_159' title='bbox 1804 1953 1931 1987; x_wconf 84' lang='lat' dir='ltr'>faciat.</span> <span class='ocrx_word' id='word_1_160' title='bbox 1968 1952 2067 1997; x_wconf 89' lang='lat' dir='ltr'>quod</span> 
     </span>
     <span class='ocr_line' id='line_1_23' title="bbox 359 1999 2069 2048; baseline -0.002 -11"><span class='ocrx_word' id='word_1_161' title='bbox 359 2003 437 2038; x_wconf 88' lang='lat' dir='ltr'>fieri</span> <span class='ocrx_word' id='word_1_162' title='bbox 463 2014 572 2048; x_wconf 87' lang='lat' dir='ltr'>posse</span> <span class='ocrx_word' id='word_1_163' title='bbox 593 2003 718 2038; x_wconf 88' lang='lat' dir='ltr'>Cicero</span> <span class='ocrx_word' id='word_1_164' title='bbox 738 2014 811 2037; x_wconf 89' lang='lat' dir='ltr'>non</span> <span class='ocrx_word' id='word_1_165' title='bbox 832 2003 992 2046; x_wconf 86' lang='lat' dir='ltr'>putauit,</span> <span class='ocrx_word' id='word_1_166' title='bbox 1020 2002 1124 2036; x_wconf 85' lang='lat' dir='ltr'>cuius</span> <span class='ocrx_word' id='word_1_167' title='bbox 1150 2002 1243 2036; x_wconf 88' lang='lat' dir='ltr'>haec</span> <span class='ocrx_word' id='word_1_168' title='bbox 1268 2002 1307 2035; x_wconf 90' lang='lat' dir='ltr'>in</span> <span class='ocrx_word' id='word_1_169' title='bbox 1327 2001 1552 2036; x_wconf 88' lang='lat' dir='ltr'>Academico</span> <span class='ocrx_word' id='word_1_170' title='bbox 1572 2001 1683 2035; x_wconf 88' lang='lat' dir='ltr'>tertio</span> <span class='ocrx_word' id='word_1_171' title='bbox 1710 2000 1826 2035; x_wconf 84' lang='lat' dir='ltr'>uerba</span> <span class='ocrx_word' id='word_1_172' title='bbox 1846 2002 1932 2035; x_wconf 87' lang='lat' dir='ltr'>sunt</span> <span class='ocrx_word' id='word_1_173' title='bbox 1953 1999 2069 2044; x_wconf 88' lang='lat' dir='ltr'>‘quod</span> 
     </span>
     <span class='ocr_line' id='line_1_24' title="bbox 359 2049 2069 2093; baseline -0.002 -9"><span class='ocrx_word' id='word_1_174' title='bbox 359 2051 389 2084; x_wconf 83' lang='lat' dir='ltr'>si</span> <span class='ocrx_word' id='word_1_175' title='bbox 417 2079 424 2085; x_wconf 94' lang='lat'>.</span> <span class='ocrx_word' id='word_1_176' title='bbox 447 2079 453 2084; x_wconf 94' lang='lat'><em>.</em></span> <span class='ocrx_word' id='word_1_177' title='bbox 477 2080 482 2085; x_wconf 94' lang='lat'>.</span> <span class='ocrx_word' id='word_1_178' title='bbox 510 2050 762 2085; x_wconf 86' lang='lat' dir='ltr'>temeritatis&#39;.</span> <span class='ocrx_word' id='word_1_179' title='bbox 808 2051 1020 2085; x_wconf 78' lang='lat' dir='ltr'>senientiam</span> <span class='ocrx_word' id='word_1_180' title='bbox 1045 2061 1126 2084; x_wconf 84' lang='lat' dir='ltr'>cum</span> <span class='ocrx_word' id='word_1_181' title='bbox 1151 2050 1304 2084; x_wconf 79' lang='lat' dir='ltr'>Luculli</span> <span class='ocrx_word' id='word_1_182' title='bbox 1328 2061 1405 2093; x_wconf 76' lang='lat' dir='ltr'>cap.</span> <span class='ocrx_word' id='word_1_183' title='bbox 1431 2052 1475 2082; x_wconf 84' lang='lat'>43</span> <span class='ocrx_word' id='word_1_184' title='bbox 1502 2050 1640 2092; x_wconf 84' lang='lat' dir='ltr'>confert</span> <span class='ocrx_word' id='word_1_185' title='bbox 1659 2049 1872 2083; x_wconf 79' lang='lat' dir='ltr'>Barthelius</span> <span class='ocrx_word' id='word_1_186' title='bbox 1892 2060 1931 2092; x_wconf 76' lang='lat' dir='ltr'>p.</span> <span class='ocrx_word' id='word_1_187' title='bbox 1953 2051 1973 2081; x_wconf 86' lang='lat'>5</span> <span class='ocrx_word' id='word_1_188' title='bbox 1993 2059 2069 2082; x_wconf 82' lang='lat' dir='ltr'>non</span> 
     </span>
     <span class='ocr_line' id='line_1_25' title="bbox 352 2096 2067 2143; baseline -0.002 -10"><span class='ocrx_word' id='word_1_189' title='bbox 352 2100 613 2143; x_wconf 72' lang='lat' dir='ltr'>probabiliter5</span> <span class='ocrx_word' id='word_1_190' title='bbox 634 2100 740 2133; x_wconf 82' lang='lat' dir='ltr'>immo</span> <span class='ocrx_word' id='word_1_191' title='bbox 761 2099 802 2141; x_wconf 88' lang='lat' dir='ltr'>cf</span> <span class='ocrx_word' id='word_1_192' title='bbox 811 2097 901 2132; x_wconf 85' lang='lat' dir='ltr'>Luc.</span> <span class='ocrx_word' id='word_1_193' title='bbox 917 2100 972 2138; x_wconf 81' lang='lat'>3,9</span> <span class='ocrx_word' id='word_1_194' title='bbox 994 2102 1025 2131; x_wconf 70' lang='lat' dir='ltr'>et</span> <span class='ocrx_word' id='word_1_195' title='bbox 1046 2108 1126 2132; x_wconf 79' lang='lat' dir='ltr'>cum</span> <span class='ocrx_word' id='word_1_196' title='bbox 1146 2098 1264 2131; x_wconf 82' lang='lat' dir='ltr'>eodem</span> <span class='ocrx_word' id='word_1_197' title='bbox 1281 2098 1384 2132; x_wconf 84' lang='lat' dir='ltr'>Lact.</span> <span class='ocrx_word' id='word_1_198' title='bbox 1399 2109 1443 2130; x_wconf 86' lang='lat'>111</span> <span class='ocrx_word' id='word_1_199' title='bbox 1459 2100 1513 2139; x_wconf 75' lang='lat'>7,9</span> <span class='ocrx_word' id='word_1_200' title='bbox 1637 2099 1657 2129; x_wconf 85' lang='lat'>2</span> <span class='ocrx_word' id='word_1_201' title='bbox 1672 2097 1818 2130; x_wconf 85' lang='lat' dir='ltr'>secutos</span> <span class='ocrx_word' id='word_1_202' title='bbox 1831 2096 1890 2130; x_wconf 79' lang='lat' dir='ltr'>uel</span> <span class='ocrx_word' id='word_1_203' title='bbox 1909 2096 1998 2129; x_wconf 55' lang='lat' dir='ltr'>oetus</span> <span class='ocrx_word' id='word_1_204' title='bbox 2013 2105 2067 2129; x_wconf 88' lang='lat' dir='ltr'>co—</span> 
     </span>
     <span class='ocr_line' id='line_1_26' title="bbox 359 2141 2068 2188; baseline -0.002 -8"><span class='ocrx_word' id='word_1_205' title='bbox 359 2147 453 2180; x_wconf 81' lang='lat' dir='ltr'>dices</span> <span class='ocrx_word' id='word_1_206' title='bbox 479 2146 558 2179; x_wconf 54' lang='lat' dir='ltr'>‘vtis</span> <span class='ocrx_word' id='word_1_207' title='bbox 585 2145 757 2180; x_wconf 70' lang='lat' dir='ltr'>editiones</span> <span class='ocrx_word' id='word_1_208' title='bbox 777 2146 980 2187; x_wconf 73' lang='lat' dir='ltr'>Lactantii‚</span> <span class='ocrx_word' id='word_1_209' title='bbox 1000 2146 1190 2180; x_wconf 72' lang='lat' dir='ltr'>Patricius</span> <span class='ocrx_word' id='word_1_210' title='bbox 1210 2145 1245 2180; x_wconf 75' lang='lat' dir='ltr'>ib</span> <span class='ocrx_word' id='word_1_211' title='bbox 1384 2148 1417 2178; x_wconf 81' lang='lat'>4.</span> <span class='ocrx_word' id='word_1_212' title='bbox 1433 2148 1452 2178; x_wconf 82' lang='lat'>5</span> <span class='ocrx_word' id='word_1_213' title='bbox 1475 2146 1537 2187; x_wconf 82' lang='lat' dir='ltr'>(fr.</span> <span class='ocrx_word' id='word_1_214' title='bbox 1555 2147 1614 2188; x_wconf 76' lang='lat'>12)</span> <span class='ocrx_word' id='word_1_215' title='bbox 1635 2144 1679 2178; x_wconf 88' lang='lat' dir='ltr'><strong><em>N</em></strong></span> <span class='ocrx_word' id='word_1_216' title='bbox 1683 2144 1813 2178; x_wconf 83' lang='lat' dir='ltr'>onius</span> <span class='ocrx_word' id='word_1_217' title='bbox 1827 2155 1865 2188; x_wconf 76' lang='lat' dir='ltr'>p.</span> <span class='ocrx_word' id='word_1_218' title='bbox 1883 2146 1926 2177; x_wconf 82' lang='lat'>65</span> <span class='ocrx_word' id='word_1_219' title='bbox 1947 2141 2068 2187; x_wconf 86' lang='lat' dir='ltr'>digla—</span> 
     </span>
     <span class='ocr_line' id='line_1_27' title="bbox 360 2190 2068 2236; baseline -0.001 -10"><span class='ocrx_word' id='word_1_220' title='bbox 360 2193 455 2227; x_wconf 87' lang='lat' dir='ltr'>diari</span> <span class='ocrx_word' id='word_1_221' title='bbox 483 2194 623 2227; x_wconf 88' lang='lat' dir='ltr'>dictum</span> <span class='ocrx_word' id='word_1_222' title='bbox 651 2195 707 2227; x_wconf 89' lang='lat' dir='ltr'>est</span> <span class='ocrx_word' id='word_1_223' title='bbox 727 2192 924 2226; x_wconf 75' lang='lat' dir='ltr'>dissentire</span> <span class='ocrx_word' id='word_1_224' title='bbox 945 2194 982 2226; x_wconf 91' lang='lat' dir='ltr'>et</span> <span class='ocrx_word' id='word_1_225' title='bbox 1003 2192 1199 2235; x_wconf 83' lang='lat' dir='ltr'>dissidere,</span> <span class='ocrx_word' id='word_1_226' title='bbox 1222 2192 1363 2226; x_wconf 85' lang='lat' dir='ltr'>dictum</span> <span class='ocrx_word' id='word_1_227' title='bbox 1385 2203 1406 2225; x_wconf 86' lang='lat' dir='ltr'>a</span> <span class='ocrx_word' id='word_1_228' title='bbox 1425 2191 1572 2236; x_wconf 84' lang='lat' dir='ltr'>gladiis.</span> <span class='ocrx_word' id='word_1_229' title='bbox 1612 2190 1737 2225; x_wconf 85' lang='lat' dir='ltr'>Cicero</span> <span class='ocrx_word' id='word_1_230' title='bbox 1759 2190 2068 2225; x_wconf 83' lang='lat' dir='ltr'>Academicorum</span> 
     </span>
     <span class='ocr_line' id='line_1_28' title="bbox 358 2238 2073 2285; baseline -0.001 -11"><span class='ocrx_word' id='word_1_231' title='bbox 358 2240 422 2274; x_wconf 87' lang='lat' dir='ltr'>lib.</span> <span class='ocrx_word' id='word_1_232' title='bbox 438 2253 449 2273; x_wconf 82' lang='lat'>1</span> <span class='ocrx_word' id='word_1_233' title='bbox 473 2244 520 2285; x_wconf 69' lang='lat'><em>(1).</em></span> <span class='ocrx_word' id='word_1_234' title='bbox 538 2244 682 2283; x_wconf 80' lang='lat' dir='ltr'>57,17s)</span> <span class='ocrx_word' id='word_1_235' title='bbox 706 2267 712 2273; x_wconf 91' lang='lat'>.</span> <span class='ocrx_word' id='word_1_236' title='bbox 729 2268 735 2274; x_wconf 88' lang='lat'>.</span> <span class='ocrx_word' id='word_1_237' title='bbox 754 2268 759 2273; x_wconf 93' lang='lat'><em>.</em></span> <span class='ocrx_word' id='word_1_238' title='bbox 781 2240 881 2274; x_wconf 89' lang='lat' dir='ltr'>idem</span> <span class='ocrx_word' id='word_1_239' title='bbox 901 2240 1011 2273; x_wconf 86' lang='lat' dir='ltr'>tertio</span> <span class='ocrx_word' id='word_1_240' title='bbox 1035 2239 1251 2284; x_wconf 83' lang='lat' dir='ltr'>‘digladiari</span> <span class='ocrx_word' id='word_1_241' title='bbox 1268 2269 1273 2274; x_wconf 92' lang='lat'><em>.</em></span> <span class='ocrx_word' id='word_1_242' title='bbox 1292 2268 1297 2273; x_wconf 91' lang='lat'><strong>.</strong></span> <span class='ocrx_word' id='word_1_243' title='bbox 1316 2269 1321 2274; x_wconf 86' lang='lat'>.</span> <span class='ocrx_word' id='word_1_244' title='bbox 1344 2239 1507 2273; x_wconf 83' lang='lat' dir='ltr'>dixerit&#39;.</span> <span class='ocrx_word' id='word_1_245' title='bbox 1539 2240 1582 2273; x_wconf 81' lang='lat' dir='ltr'>(Ie</span> <span class='ocrx_word' id='word_1_246' title='bbox 1600 2239 1779 2273; x_wconf 75' lang='lat' dir='ltr'>sententia</span> <span class='ocrx_word' id='word_1_247' title='bbox 1798 2240 1839 2281; x_wconf 86' lang='lat' dir='ltr'>ef</span> <span class='ocrx_word' id='word_1_248' title='bbox 1853 2239 1894 2273; x_wconf 88' lang='lat' dir='ltr'>de</span> <span class='ocrx_word' id='word_1_249' title='bbox 1913 2249 1949 2273; x_wconf 87' lang='lat' dir='ltr'>re</span> <span class='ocrx_word' id='word_1_250' title='bbox 1963 2238 2073 2282; x_wconf 45' lang='lat' dir='ltr'>publL</span> 
     </span>
     <span class='ocr_line' id='line_1_29' title="bbox 360 2284 2068 2332; baseline -0.002 -11"><span class='ocrx_word' id='word_1_251' title='bbox 360 2301 370 2321; x_wconf 91' lang='lat'>1</span> <span class='ocrx_word' id='word_1_252' title='bbox 393 2292 448 2328; x_wconf 55' lang='lat'>55)</span> <span class='ocrx_word' id='word_1_253' title='bbox 594 2292 614 2320; x_wconf 81' lang='lat'>4</span> <span class='ocrx_word' id='word_1_254' title='bbox 638 2290 674 2321; x_wconf 89' lang='lat' dir='ltr'>et</span> <span class='ocrx_word' id='word_1_255' title='bbox 701 2287 915 2332; x_wconf 82' lang='lat' dir='ltr'>depugnare</span> <span class='ocrx_word' id='word_1_256' title='bbox 945 2288 1182 2332; x_wconf 71' lang='lat' dir='ltr'>Quiclteratus</span> <span class='ocrx_word' id='word_1_257' title='bbox 1206 2299 1240 2321; x_wconf 80' lang='lat' dir='ltr'>ni</span> <span class='ocrx_word' id='word_1_258' title='bbox 1377 2287 1431 2332; x_wconf 88' lang='lat' dir='ltr'>in]</span> <span class='ocrx_word' id='word_1_259' title='bbox 1460 2298 1542 2320; x_wconf 90' lang='lat' dir='ltr'>cum</span> <span class='ocrx_word' id='word_1_260' title='bbox 1568 2287 1704 2321; x_wconf 77' lang='lat' dir='ltr'>Iunius</span> <span class='ocrx_word' id='word_1_261' title='bbox 1729 2286 1785 2320; x_wconf 77' lang='lat' dir='ltr'>ibr</span> <span class='ocrx_word' id='word_1_262' title='bbox 1928 2284 2068 2319; x_wconf 86' lang='lat' dir='ltr'>facine-</span> 
     </span>
     <span class='ocr_line' id='line_1_30' title="bbox 358 2331 2067 2381; baseline -0.001 -13"><span class='ocrx_word' id='word_1_263' title='bbox 358 2335 451 2369; x_wconf 82' lang='lat' dir='ltr'>rosis</span> <span class='ocrx_word' id='word_1_264' title='bbox 476 2347 534 2381; x_wconf 77' lang='lat' dir='ltr'>my</span> <span class='ocrx_word' id='word_1_265' title='bbox 562 2336 661 2370; x_wconf 80' lang='lat' dir='ltr'>Harl</span> <span class='ocrx_word' id='word_1_266' title='bbox 685 2347 703 2369; x_wconf 91' lang='lat' dir='ltr'>r</span> <span class='ocrx_word' id='word_1_267' title='bbox 861 2339 880 2369; x_wconf 87' lang='lat'><strong>6</strong></span> <span class='ocrx_word' id='word_1_268' title='bbox 909 2336 970 2377; x_wconf 76' lang='lat' dir='ltr'>(fr.</span> <span class='ocrx_word' id='word_1_269' title='bbox 993 2338 1034 2368; x_wconf 80' lang='lat'>21</span> <span class='ocrx_word' id='word_1_270' title='bbox 1057 2336 1114 2369; x_wconf 77' lang='lat' dir='ltr'>ibr</span> <span class='ocrx_word' id='word_1_271' title='bbox 1136 2339 1177 2368; x_wconf 82' lang='lat'>15</span> <span class='ocrx_word' id='word_1_272' title='bbox 1199 2340 1247 2373; x_wconf 81' lang='lat' dir='ltr'>m)</span> <span class='ocrx_word' id='word_1_273' title='bbox 1276 2335 1453 2369; x_wconf 86' lang='lat' dir='ltr'>Nonius</span> <span class='ocrx_word' id='word_1_274' title='bbox 1476 2346 1515 2378; x_wconf 78' lang='lat' dir='ltr'>p.</span> <span class='ocrx_word' id='word_1_275' title='bbox 1538 2337 1605 2368; x_wconf 85' lang='lat'>419</span> <span class='ocrx_word' id='word_1_276' title='bbox 1631 2332 1824 2368; x_wconf 87' lang='lat' dir='ltr'>uindicare</span> <span class='ocrx_word' id='word_1_277' title='bbox 1850 2332 1997 2367; x_wconf 86' lang='lat' dir='ltr'>trahere</span> <span class='ocrx_word' id='word_1_278' title='bbox 2022 2331 2067 2366; x_wconf 85' lang='lat' dir='ltr'>li-</span> 
     </span>
     <span class='ocr_line' id='line_1_31' title="bbox 359 2380 2065 2425; baseline -0.001 -10"><span class='ocrx_word' id='word_1_279' title='bbox 359 2382 487 2417; x_wconf 84' lang='lat' dir='ltr'>berare</span> <span class='ocrx_word' id='word_1_280' title='bbox 516 2411 520 2416; x_wconf 90' lang='lat'><em>.</em></span> <span class='ocrx_word' id='word_1_281' title='bbox 546 2411 550 2416; x_wconf 90' lang='lat'><em>.</em></span> <span class='ocrx_word' id='word_1_282' title='bbox 576 2411 580 2415; x_wconf 94' lang='lat'>.</span> <span class='ocrx_word' id='word_1_283' title='bbox 610 2382 736 2416; x_wconf 86' lang='lat' dir='ltr'>Cicero</span> <span class='ocrx_word' id='word_1_284' title='bbox 758 2382 1062 2416; x_wconf 84' lang='lat' dir='ltr'>Academicorum</span> <span class='ocrx_word' id='word_1_285' title='bbox 1083 2381 1146 2416; x_wconf 89' lang='lat' dir='ltr'>lib.</span> <span class='ocrx_word' id='word_1_286' title='bbox 1170 2395 1210 2415; x_wconf 90' lang='lat'>111</span> <span class='ocrx_word' id='word_1_287' title='bbox 1239 2381 1382 2425; x_wconf 80' lang='lat' dir='ltr'>‘aliqua</span> <span class='ocrx_word' id='word_1_288' title='bbox 1403 2410 1408 2414; x_wconf 94' lang='lat'>.</span> <span class='ocrx_word' id='word_1_289' title='bbox 1433 2409 1438 2415; x_wconf 94' lang='lat'><em>.</em></span> <span class='ocrx_word' id='word_1_290' title='bbox 1462 2410 1468 2415; x_wconf 90' lang='lat'>.</span> <span class='ocrx_word' id='word_1_291' title='bbox 1490 2381 1730 2415; x_wconf 81' lang='lat' dir='ltr'>libertatem’.</span> <span class='ocrx_word' id='word_1_292' title='bbox 1779 2382 1819 2422; x_wconf 83' lang='lat' dir='ltr'>cf</span> <span class='ocrx_word' id='word_1_293' title='bbox 1840 2381 1881 2415; x_wconf 89' lang='lat' dir='ltr'>de</span> <span class='ocrx_word' id='word_1_294' title='bbox 1906 2391 1943 2414; x_wconf 88' lang='lat' dir='ltr'>re</span> <span class='ocrx_word' id='word_1_295' title='bbox 1964 2380 2065 2424; x_wconf 78' lang='lat' dir='ltr'>publ.</span> 
     </span>
     <span class='ocr_line' id='line_1_32' title="bbox 359 2427 2067 2472; baseline -0.001 -9"><span class='ocrx_word' id='word_1_296' title='bbox 359 2443 370 2464; x_wconf 89' lang='lat'>1</span> <span class='ocrx_word' id='word_1_297' title='bbox 392 2433 448 2471; x_wconf 71' lang='lat'>5,9</span> <span class='ocrx_word' id='word_1_298' title='bbox 594 2429 623 2463; x_wconf 80' lang='lat' dir='ltr'>si</span> <span class='ocrx_word' id='word_1_299' title='bbox 646 2429 694 2463; x_wconf 83' lang='lat' dir='ltr'>sit</span> <span class='ocrx_word' id='word_1_300' title='bbox 714 2430 856 2463; x_wconf 79' lang='lat' dir='ltr'>Aldina</span> <span class='ocrx_word' id='word_1_301' title='bbox 876 2430 995 2463; x_wconf 76' lang='lat' dir='ltr'>Nonii</span> <span class='ocrx_word' id='word_1_302' title='bbox 1141 2433 1170 2462; x_wconf 80' lang='lat'>7.</span> <span class='ocrx_word' id='word_1_303' title='bbox 1187 2433 1206 2462; x_wconf 83' lang='grc'>8</span> <span class='ocrx_word' id='word_1_304' title='bbox 1229 2431 1291 2472; x_wconf 79' lang='lat' dir='ltr'>(fr.</span> <span class='ocrx_word' id='word_1_305' title='bbox 1314 2432 1357 2462; x_wconf 78' lang='lat'>32</span> <span class='ocrx_word' id='word_1_306' title='bbox 1378 2430 1434 2463; x_wconf 77' lang='lat' dir='ltr'>tbr</span> <span class='ocrx_word' id='word_1_307' title='bbox 1455 2432 1497 2462; x_wconf 89' lang='grc'>18</span> <span class='ocrx_word' id='word_1_308' title='bbox 1518 2431 1569 2471; x_wconf 82' lang='lat' dir='ltr'>m)</span> <span class='ocrx_word' id='word_1_309' title='bbox 1590 2429 1864 2463; x_wconf 76' lang='lat' dir='ltr'>Lactantius</span> <span class='ocrx_word' id='word_1_310' title='bbox 1885 2427 1959 2462; x_wconf 84' lang='lat' dir='ltr'>diu.</span> <span class='ocrx_word' id='word_1_311' title='bbox 1981 2428 2067 2461; x_wconf 79' lang='lat' dir='ltr'>inst.</span> 
     </span>
     <span class='ocr_line' id='line_1_33' title="bbox 360 2474 2065 2521; baseline -0.001 -11"><span class='ocrx_word' id='word_1_312' title='bbox 360 2490 400 2510; x_wconf 88' lang='lat'>111</span> <span class='ocrx_word' id='word_1_313' title='bbox 424 2480 525 2520; x_wconf 83' lang='lat'>14,15</span> <span class='ocrx_word' id='word_1_314' title='bbox 553 2477 642 2511; x_wconf 88' lang='lat' dir='ltr'>cedo</span> <span class='ocrx_word' id='word_1_315' title='bbox 676 2477 791 2521; x_wconf 82' lang='lat' dir='ltr'>igitur</span> <span class='ocrx_word' id='word_1_316' title='bbox 816 2476 907 2520; x_wconf 84' lang='lat' dir='ltr'>quid</span> <span class='ocrx_word' id='word_1_317' title='bbox 934 2476 1108 2510; x_wconf 83' lang='lat' dir='ltr'>didiceris</span> <span class='ocrx_word' id='word_1_318' title='bbox 1142 2478 1207 2510; x_wconf 84' lang='lat' dir='ltr'>aut</span> <span class='ocrx_word' id='word_1_319' title='bbox 1237 2477 1276 2510; x_wconf 90' lang='lat' dir='ltr'>in</span> <span class='ocrx_word' id='word_1_320' title='bbox 1303 2487 1376 2520; x_wconf 85' lang='lat' dir='ltr'>qua</span> <span class='ocrx_word' id='word_1_321' title='bbox 1402 2477 1505 2510; x_wconf 84' lang='lat' dir='ltr'>secta</span> <span class='ocrx_word' id='word_1_322' title='bbox 1535 2476 1733 2510; x_wconf 85' lang='lat' dir='ltr'>ueritatem</span> <span class='ocrx_word' id='word_1_323' title='bbox 1767 2474 2065 2519; x_wconf 72' lang='lat' dir='ltr'>deprehenderis⁸</span> 
     </span>
     <span class='ocr_line' id='line_1_34' title="bbox 360 2521 2067 2568; baseline -0.001 -11"><span class='ocrx_word' id='word_1_324' title='bbox 360 2525 397 2557; x_wconf 90' lang='lat' dir='ltr'>in</span> <span class='ocrx_word' id='word_1_325' title='bbox 423 2524 628 2558; x_wconf 80' lang='lat' dir='ltr'>Academia</span> <span class='ocrx_word' id='word_1_326' title='bbox 654 2523 807 2567; x_wconf 89' lang='lat' dir='ltr'>scilicet,</span> <span class='ocrx_word' id='word_1_327' title='bbox 834 2536 946 2567; x_wconf 88' lang='lat' dir='ltr'>quam</span> <span class='ocrx_word' id='word_1_328' title='bbox 973 2525 1118 2558; x_wconf 87' lang='lat' dir='ltr'>secutus</span> <span class='ocrx_word' id='word_1_329' title='bbox 1141 2534 1178 2557; x_wconf 88' lang='lat' dir='ltr'>es</span> <span class='ocrx_word' id='word_1_330' title='bbox 1205 2535 1315 2566; x_wconf 83' lang='lat' dir='ltr'>quam</span> <span class='ocrx_word' id='word_1_331' title='bbox 1342 2523 1522 2568; x_wconf 75' lang='lat' dir='ltr'>probasti.</span> <span class='ocrx_word' id='word_1_332' title='bbox 1574 2524 1612 2556; x_wconf 87' lang='lat' dir='ltr'>at</span> <span class='ocrx_word' id='word_1_333' title='bbox 1637 2523 1728 2556; x_wconf 87' lang='lat' dir='ltr'>haec</span> <span class='ocrx_word' id='word_1_334' title='bbox 1752 2521 1847 2556; x_wconf 84' lang='lat' dir='ltr'>nihil</span> <span class='ocrx_word' id='word_1_335' title='bbox 1867 2522 1975 2556; x_wconf 88' lang='lat' dir='ltr'>docet</span> <span class='ocrx_word' id='word_1_336' title='bbox 1994 2521 2067 2555; x_wconf 87' lang='lat' dir='ltr'>nisi</span> 
     </span>
     <span class='ocr_line' id='line_1_35' title="bbox 359 2568 2068 2616; baseline -0.002 -11"><span class='ocrx_word' id='word_1_337' title='bbox 359 2573 401 2605; x_wconf 90' lang='lat' dir='ltr'>ut</span> <span class='ocrx_word' id='word_1_338' title='bbox 432 2572 526 2606; x_wconf 86' lang='lat' dir='ltr'>scias</span> <span class='ocrx_word' id='word_1_339' title='bbox 558 2573 595 2606; x_wconf 88' lang='lat' dir='ltr'>te</span> <span class='ocrx_word' id='word_1_340' title='bbox 627 2571 722 2605; x_wconf 86' lang='lat' dir='ltr'>nihil</span> <span class='ocrx_word' id='word_1_341' title='bbox 755 2571 858 2605; x_wconf 86' lang='lat' dir='ltr'>scire.</span> <span class='ocrx_word' id='word_1_342' title='bbox 915 2571 971 2605; x_wconf 91' lang='lat' dir='ltr'>tui</span> <span class='ocrx_word' id='word_1_343' title='bbox 1004 2582 1090 2616; x_wconf 82' lang='lat' dir='ltr'>ergo</span> <span class='ocrx_word' id='word_1_344' title='bbox 1123 2572 1160 2605; x_wconf 91' lang='lat' dir='ltr'>te</span> <span class='ocrx_word' id='word_1_345' title='bbox 1193 2570 1278 2605; x_wconf 92' lang='lat' dir='ltr'>libri</span> <span class='ocrx_word' id='word_1_346' title='bbox 1312 2572 1473 2614; x_wconf 83' lang='lat' dir='ltr'>arguunt</span> <span class='ocrx_word' id='word_1_347' title='bbox 1505 2582 1616 2614; x_wconf 89' lang='lat' dir='ltr'>quam</span> <span class='ocrx_word' id='word_1_348' title='bbox 1648 2569 1742 2603; x_wconf 87' lang='lat' dir='ltr'>nihil</span> <span class='ocrx_word' id='word_1_349' title='bbox 1775 2581 1797 2603; x_wconf 87' lang='lat' dir='ltr'>a</span> <span class='ocrx_word' id='word_1_350' title='bbox 1827 2568 2068 2614; x_wconf 84' lang='lat' dir='ltr'>philosophia</span> 
     </span>
     <span class='ocr_line' id='line_1_36' title="bbox 360 2617 2066 2663; baseline -0.001 -10"><span class='ocrx_word' id='word_1_351' title='bbox 360 2619 453 2653; x_wconf 87' lang='lat' dir='ltr'>disci</span> <span class='ocrx_word' id='word_1_352' title='bbox 474 2619 593 2663; x_wconf 84' lang='lat' dir='ltr'>possit</span> <span class='ocrx_word' id='word_1_353' title='bbox 613 2619 660 2652; x_wconf 90' lang='lat' dir='ltr'>ad</span> <span class='ocrx_word' id='word_1_354' title='bbox 679 2619 807 2652; x_wconf 86' lang='lat' dir='ltr'>uitam.</span> <span class='ocrx_word' id='word_1_355' title='bbox 848 2618 940 2652; x_wconf 85' lang='lat' dir='ltr'>haec</span> <span class='ocrx_word' id='word_1_356' title='bbox 960 2620 1025 2651; x_wconf 88' lang='lat' dir='ltr'>tua</span> <span class='ocrx_word' id='word_1_357' title='bbox 1044 2618 1159 2652; x_wconf 84' lang='lat' dir='ltr'>uerba</span> <span class='ocrx_word' id='word_1_358' title='bbox 1179 2620 1279 2652; x_wconf 83' lang='lat' dir='ltr'>sunt:</span> <span class='ocrx_word' id='word_1_359' title='bbox 1304 2617 1409 2651; x_wconf 79' lang='lat' dir='ltr'>‘mihi</span> <span class='ocrx_word' id='word_1_360' title='bbox 1426 2646 1431 2651; x_wconf 93' lang='lat'><em>.</em></span> <span class='ocrx_word' id='word_1_361' title='bbox 1451 2647 1456 2652; x_wconf 92' lang='lat'><em>.</em></span> <span class='ocrx_word' id='word_1_362' title='bbox 1474 2646 1480 2652; x_wconf 92' lang='lat'><strong><em>.</em></strong></span> <span class='ocrx_word' id='word_1_363' title='bbox 1497 2617 1645 2651; x_wconf 88' lang='lat' dir='ltr'>obtunsi</span> <span class='ocrx_word' id='word_1_364' title='bbox 1667 2619 1737 2660; x_wconf 79' lang='lat' dir='ltr'>(ita</span> <span class='ocrx_word' id='word_1_365' title='bbox 1754 2617 1889 2660; x_wconf 64' lang='lat' dir='ltr'>coddf.</span> <span class='ocrx_word' id='word_1_366' title='bbox 1925 2617 2066 2651; x_wconf 83' lang='lat' dir='ltr'>Acade-</span> 
     </span>
     <span class='ocr_line' id='line_1_37' title="bbox 360 2665 2065 2711; baseline -0.002 -10"><span class='ocrx_word' id='word_1_367' title='bbox 360 2668 462 2701; x_wconf 81' lang='lat' dir='ltr'>micis</span> <span class='ocrx_word' id='word_1_368' title='bbox 488 2666 660 2711; x_wconf 74' lang='lat' dir='ltr'>Siyonius</span> <span class='ocrx_word' id='word_1_369' title='bbox 686 2667 897 2710; x_wconf 76' lang='lat' dir='ltr'>adscripsit,</span> <span class='ocrx_word' id='word_1_370' title='bbox 924 2666 1014 2700; x_wconf 81' lang='lat' dir='ltr'>libro</span> <span class='ocrx_word' id='word_1_371' title='bbox 1028 2678 1055 2699; x_wconf 94' lang='lat'>11</span> <span class='ocrx_word' id='word_1_372' title='bbox 1077 2666 1271 2700; x_wconf 77' lang='lat' dir='ltr'>Krischius</span> <span class='ocrx_word' id='word_1_373' title='bbox 1291 2677 1330 2710; x_wconf 82' lang='lat' dir='ltr'>p.</span> <span class='ocrx_word' id='word_1_374' title='bbox 1353 2668 1419 2698; x_wconf 83' lang='lat'>183</span> <span class='ocrx_word' id='word_1_375' title='bbox 1442 2667 1538 2708; x_wconf 81' lang='lat'>(57),</span> <span class='ocrx_word' id='word_1_376' title='bbox 1565 2677 1607 2698; x_wconf 92' lang='lat'>111</span> <span class='ocrx_word' id='word_1_377' title='bbox 1630 2676 1691 2710; x_wconf 73' lang='grc'>690</span> <span class='ocrx_word' id='word_1_378' title='bbox 1713 2666 1770 2707; x_wconf 81' lang='lat' dir='ltr'>(cf</span> <span class='ocrx_word' id='word_1_379' title='bbox 1783 2665 1912 2699; x_wconf 75' lang='lat' dir='ltr'>consol.</span> <span class='ocrx_word' id='word_1_380' title='bbox 1933 2665 2065 2709; x_wconf 76' lang='lat' dir='ltr'>fraym.</span> 
     </span>
     <span class='ocr_line' id='line_1_38' title="bbox 360 2712 2066 2759; baseline -0.002 -11"><span class='ocrx_word' id='word_1_381' title='bbox 360 2726 417 2759; x_wconf 72' lang='lat' dir='ltr'>ap,</span> <span class='ocrx_word' id='word_1_382' title='bbox 439 2715 542 2748; x_wconf 77' lang='lat' dir='ltr'>Lact.</span> <span class='ocrx_word' id='word_1_383' title='bbox 564 2727 606 2747; x_wconf 87' lang='lat'>111</span> <span class='ocrx_word' id='word_1_384' title='bbox 629 2717 766 2757; x_wconf 80' lang='lat'>14,20)‚</span> <span class='ocrx_word' id='word_1_385' title='bbox 786 2725 877 2757; x_wconf 77' lang='lat' dir='ltr'>quac</span> <span class='ocrx_word' id='word_1_386' title='bbox 897 2715 1020 2747; x_wconf 82' lang='lat' dir='ltr'>omnia</span> <span class='ocrx_word' id='word_1_387' title='bbox 1046 2713 1217 2758; x_wconf 61' lang='lat' dir='ltr'>ambiana</span> <span class='ocrx_word' id='word_1_388' title='bbox 1244 2723 1314 2748; x_wconf 84' lang='lat' dir='ltr'>esse</span> <span class='ocrx_word' id='word_1_389' title='bbox 1333 2717 1485 2756; x_wconf 76' lang='lat' dir='ltr'>apparet</span> <span class='ocrx_word' id='word_1_390' title='bbox 1625 2715 1655 2745; x_wconf 88' lang='lat'>9.</span> <span class='ocrx_word' id='word_1_391' title='bbox 1673 2715 1715 2745; x_wconf 85' lang='lat'>10</span> <span class='ocrx_word' id='word_1_392' title='bbox 1744 2712 1806 2754; x_wconf 81' lang='lat' dir='ltr'>(fr.</span> <span class='ocrx_word' id='word_1_393' title='bbox 1823 2715 1866 2745; x_wconf 85' lang='lat'>36</span> <span class='ocrx_word' id='word_1_394' title='bbox 1881 2712 1937 2746; x_wconf 67' lang='grc' dir='ltr'>τὸν</span> <span class='ocrx_word' id='word_1_395' title='bbox 1957 2715 2000 2745; x_wconf 83' lang='lat'>22</span> <span class='ocrx_word' id='word_1_396' title='bbox 2013 2712 2066 2754; x_wconf 87' lang='lat' dir='ltr'>m)</span> 
     </span>
     <span class='ocr_line' id='line_1_39' title="bbox 361 2757 2067 2807; baseline -0.002 -11"><span class='ocrx_word' id='word_1_397' title='bbox 361 2762 646 2807; x_wconf 76' lang='lat' dir='ltr'>Auyustinus</span> <span class='ocrx_word' id='word_1_398' title='bbox 670 2762 712 2796; x_wconf 89' lang='lat' dir='ltr'>de</span> <span class='ocrx_word' id='word_1_399' title='bbox 738 2763 806 2795; x_wconf 76' lang='lat' dir='ltr'>cin.</span> <span class='ocrx_word' id='word_1_400' title='bbox 829 2762 903 2795; x_wconf 84' lang='lat' dir='ltr'>Dei</span> <span class='ocrx_word' id='word_1_401' title='bbox 922 2773 956 2794; x_wconf 80' lang='lat' dir='ltr'>v1</span> <span class='ocrx_word' id='word_1_402' title='bbox 979 2765 998 2794; x_wconf 78' lang='lat'><strong>2</strong></span> <span class='ocrx_word' id='word_1_403' title='bbox 1026 2760 1185 2803; x_wconf 83' lang='lat' dir='ltr'>denique</span> <span class='ocrx_word' id='word_1_404' title='bbox 1218 2761 1255 2793; x_wconf 87' lang='lat' dir='ltr'>et</span> <span class='ocrx_word' id='word_1_405' title='bbox 1280 2760 1360 2803; x_wconf 86' lang='lat' dir='ltr'>ipse</span> <span class='ocrx_word' id='word_1_406' title='bbox 1386 2759 1529 2793; x_wconf 86' lang='lat' dir='ltr'>Tullius</span> <span class='ocrx_word' id='word_1_407' title='bbox 1561 2759 1648 2793; x_wconf 87' lang='lat' dir='ltr'>huic</span> <span class='ocrx_word' id='word_1_408' title='bbox 1681 2759 1754 2802; x_wconf 90' lang='lat' dir='ltr'>(M.</span> <span class='ocrx_word' id='word_1_409' title='bbox 1783 2760 1958 2802; x_wconf 87' lang='lat' dir='ltr'>Varroni)</span> <span class='ocrx_word' id='word_1_410' title='bbox 1990 2757 2067 2792; x_wconf 80' lang='lat' dir='ltr'>tale</span> 
     </span>
     <span class='ocr_line' id='line_1_40' title="bbox 360 2805 2064 2852; baseline -0.002 -11"><span class='ocrx_word' id='word_1_411' title='bbox 360 2808 616 2843; x_wconf 79' lang='lat' dir='ltr'>testimonium</span> <span class='ocrx_word' id='word_1_412' title='bbox 642 2808 826 2852; x_wconf 83' lang='lat' dir='ltr'>perhibet,</span> <span class='ocrx_word' id='word_1_413' title='bbox 852 2809 894 2841; x_wconf 90' lang='lat' dir='ltr'>ut</span> <span class='ocrx_word' id='word_1_414' title='bbox 920 2808 957 2841; x_wconf 91' lang='lat' dir='ltr'>in</span> <span class='ocrx_word' id='word_1_415' title='bbox 984 2807 1089 2841; x_wconf 89' lang='lat' dir='ltr'>libris</span> <span class='ocrx_word' id='word_1_416' title='bbox 1110 2807 1344 2841; x_wconf 82' lang='lat' dir='ltr'>Academicis</span> <span class='ocrx_word' id='word_1_417' title='bbox 1371 2806 1472 2840; x_wconf 87' lang='lat' dir='ltr'>dicat</span> <span class='ocrx_word' id='word_1_418' title='bbox 1499 2818 1580 2840; x_wconf 92' lang='lat' dir='ltr'>eam</span> <span class='ocrx_word' id='word_1_419' title='bbox 1606 2817 1702 2849; x_wconf 86' lang='lat' dir='ltr'>quae</span> <span class='ocrx_word' id='word_1_420' title='bbox 1727 2806 1781 2840; x_wconf 88' lang='lat' dir='ltr'>ibi</span> <span class='ocrx_word' id='word_1_421' title='bbox 1803 2807 1973 2841; x_wconf 86' lang='lat' dir='ltr'>uersatur</span> <span class='ocrx_word' id='word_1_422' title='bbox 1992 2805 2064 2839; x_wconf 85' lang='lat' dir='ltr'>dis-</span> 
     </span>
     <span class='ocr_line' id='line_1_41' title="bbox 360 2852 2066 2899; baseline -0.002 -9"><span class='ocrx_word' id='word_1_423' title='bbox 360 2856 593 2899; x_wconf 87' lang='lat' dir='ltr'>putationem</span> <span class='ocrx_word' id='word_1_424' title='bbox 620 2867 659 2890; x_wconf 89' lang='lat' dir='ltr'>se</span> <span class='ocrx_word' id='word_1_425' title='bbox 684 2856 860 2890; x_wconf 83' lang='lat' dir='ltr'>habuisse</span> <span class='ocrx_word' id='word_1_426' title='bbox 880 2867 963 2889; x_wconf 90' lang='lat' dir='ltr'>cum</span> <span class='ocrx_word' id='word_1_427' title='bbox 983 2854 1107 2889; x_wconf 86' lang='lat' dir='ltr'>Marco</span> <span class='ocrx_word' id='word_1_428' title='bbox 1129 2854 1293 2889; x_wconf 87' lang='lat' dir='ltr'>Varrone</span> <span class='ocrx_word' id='word_1_429' title='bbox 1321 2854 1499 2888; x_wconf 74' lang='lat' dir='ltr'>‘homine’</span> <span class='ocrx_word' id='word_1_430' title='bbox 1528 2854 1652 2898; x_wconf 90' lang='lat' dir='ltr'>inquit</span> <span class='ocrx_word' id='word_1_431' title='bbox 1679 2853 1858 2888; x_wconf 76' lang='lat' dir='ltr'>‘omnium</span> <span class='ocrx_word' id='word_1_432' title='bbox 1886 2881 1892 2887; x_wconf 89' lang='lat'>.</span> <span class='ocrx_word' id='word_1_433' title='bbox 1916 2881 1921 2887; x_wconf 93' lang='lat'><em>.</em></span> <span class='ocrx_word' id='word_1_434' title='bbox 1945 2880 1951 2887; x_wconf 91' lang='lat'><strong>.</strong></span> <span class='ocrx_word' id='word_1_435' title='bbox 1980 2852 2066 2887; x_wconf 86' lang='lat' dir='ltr'>doc-</span> 
     </span>
     <span class='ocr_line' id='line_1_42' title="bbox 359 2900 2066 2946; baseline -0.002 -9"><span class='ocrx_word' id='word_1_436' title='bbox 359 2903 530 2937; x_wconf 84' lang='lat' dir='ltr'>tissimo&#39;.</span> <span class='ocrx_word' id='word_1_437' title='bbox 582 2914 654 2937; x_wconf 89' lang='lat' dir='ltr'>non</span> <span class='ocrx_word' id='word_1_438' title='bbox 695 2903 748 2937; x_wconf 88' lang='lat' dir='ltr'>ait</span> <span class='ocrx_word' id='word_1_439' title='bbox 779 2902 1084 2946; x_wconf 89' lang='lat' dir='ltr'>eloquentissimo</span> <span class='ocrx_word' id='word_1_440' title='bbox 1116 2901 1177 2936; x_wconf 94' lang='lat' dir='ltr'>uel</span> <span class='ocrx_word' id='word_1_441' title='bbox 1209 2901 1494 2945; x_wconf 86' lang='lat' dir='ltr'>facundissimo,</span> <span class='ocrx_word' id='word_1_442' title='bbox 1526 2901 1703 2945; x_wconf 86' lang='lat' dir='ltr'>quoniam</span> <span class='ocrx_word' id='word_1_443' title='bbox 1735 2912 1773 2935; x_wconf 89' lang='lat' dir='ltr'>re</span> <span class='ocrx_word' id='word_1_444' title='bbox 1804 2911 1894 2935; x_wconf 86' lang='lat' dir='ltr'>uera</span> <span class='ocrx_word' id='word_1_445' title='bbox 1924 2900 1964 2934; x_wconf 91' lang='lat' dir='ltr'>in</span> <span class='ocrx_word' id='word_1_446' title='bbox 1995 2900 2066 2934; x_wconf 83' lang='lat' dir='ltr'>hac</span> 
     </span>
     <span class='ocr_line' id='line_1_43' title="bbox 362 2947 2065 2994; baseline -0.001 -11"><span class='ocrx_word' id='word_1_447' title='bbox 362 2950 540 2985; x_wconf 84' lang='lat' dir='ltr'>facultate</span> <span class='ocrx_word' id='word_1_448' title='bbox 566 2950 725 2985; x_wconf 88' lang='lat' dir='ltr'>multum</span> <span class='ocrx_word' id='word_1_449' title='bbox 752 2950 861 2994; x_wconf 88' lang='lat' dir='ltr'>inpar</span> <span class='ocrx_word' id='word_1_450' title='bbox 886 2951 958 2992; x_wconf 81' lang='lat' dir='ltr'>est,</span> <span class='ocrx_word' id='word_1_451' title='bbox 989 2950 1052 2984; x_wconf 82' lang='lat' dir='ltr'>sed</span> <span class='ocrx_word' id='word_1_452' title='bbox 1081 2949 1276 2983; x_wconf 77' lang='lat' dir='ltr'>‘omnium’</span> <span class='ocrx_word' id='word_1_453' title='bbox 1304 2949 1428 2993; x_wconf 88' lang='lat' dir='ltr'>inquit</span> <span class='ocrx_word' id='word_1_454' title='bbox 1455 2949 1581 2983; x_wconf 84' lang='lat' dir='ltr'>‘facile</span> <span class='ocrx_word' id='word_1_455' title='bbox 1608 2948 1852 2991; x_wconf 87' lang='lat' dir='ltr'>acutissimo&#39;,</span> <span class='ocrx_word' id='word_1_456' title='bbox 1885 2949 1922 2981; x_wconf 90' lang='lat' dir='ltr'>et</span> <span class='ocrx_word' id='word_1_457' title='bbox 1946 2947 1985 2981; x_wconf 89' lang='lat' dir='ltr'>in</span> <span class='ocrx_word' id='word_1_458' title='bbox 2011 2947 2065 2981; x_wconf 84' lang='lat' dir='ltr'>eis</span> 
     </span>
     <span class='ocr_line' id='line_1_44' title="bbox 360 2992 2066 3040; baseline -0.001 -11"><span class='ocrx_word' id='word_1_459' title='bbox 360 2997 482 3039; x_wconf 83' lang='lat' dir='ltr'>libris,</span> <span class='ocrx_word' id='word_1_460' title='bbox 514 2998 550 3032; x_wconf 89' lang='lat' dir='ltr'>id</span> <span class='ocrx_word' id='word_1_461' title='bbox 585 2999 641 3032; x_wconf 85' lang='lat' dir='ltr'>est</span> <span class='ocrx_word' id='word_1_462' title='bbox 666 2997 916 3040; x_wconf 81' lang='lat' dir='ltr'>Academicis,</span> <span class='ocrx_word' id='word_1_463' title='bbox 948 2996 1013 3031; x_wconf 91' lang='lat' dir='ltr'>ubi</span> <span class='ocrx_word' id='word_1_464' title='bbox 1045 2999 1179 3031; x_wconf 87' lang='lat' dir='ltr'>cuncta</span> <span class='ocrx_word' id='word_1_465' title='bbox 1211 2996 1419 3030; x_wconf 88' lang='lat' dir='ltr'>dubitanda</span> <span class='ocrx_word' id='word_1_466' title='bbox 1451 3007 1531 3031; x_wconf 88' lang='lat' dir='ltr'>esse</span> <span class='ocrx_word' id='word_1_467' title='bbox 1557 2995 1765 3038; x_wconf 78' lang='lat' dir='ltr'>contendit,</span> <span class='ocrx_word' id='word_1_468' title='bbox 1796 2995 1944 3029; x_wconf 87' lang='lat' dir='ltr'>addidit</span> <span class='ocrx_word' id='word_1_469' title='bbox 1970 2992 2066 3028; x_wconf 72' lang='lat' dir='ltr'>‘sine</span> 
     </span>
     <span class='ocr_line' id='line_1_45' title="bbox 360 3040 2065 3089; baseline -0.001 -12"><span class='ocrx_word' id='word_1_470' title='bbox 360 3044 438 3078; x_wconf 81' lang='lat' dir='ltr'>ulla,</span> <span class='ocrx_word' id='word_1_471' title='bbox 463 3045 698 3080; x_wconf 88' lang='lat' dir='ltr'>dubitatione</span> <span class='ocrx_word' id='word_1_472' title='bbox 725 3045 968 3079; x_wconf 75' lang='lat' dir='ltr'>doctissimo’.</span> <span class='ocrx_word' id='word_1_473' title='bbox 1014 3046 1056 3088; x_wconf 82' lang='lat' dir='ltr'>cf</span> <span class='ocrx_word' id='word_1_474' title='bbox 1069 3045 1223 3089; x_wconf 74' lang='lat' dir='ltr'>Auyusi.</span> <span class='ocrx_word' id='word_1_475' title='bbox 1245 3055 1271 3078; x_wconf 87' lang='lat' dir='ltr'>c.</span> <span class='ocrx_word' id='word_1_476' title='bbox 1294 3044 1409 3078; x_wconf 83' lang='lat' dir='ltr'>Acad.</span> <span class='ocrx_word' id='word_1_477' title='bbox 1430 3057 1458 3077; x_wconf 88' lang='lat'>11</span> <span class='ocrx_word' id='word_1_478' title='bbox 1479 3046 1558 3087; x_wconf 85' lang='lat'>9‚23</span> <span class='ocrx_word' id='word_1_479' title='bbox 1585 3043 1811 3077; x_wconf 88' lang='lat' dir='ltr'>acutissimis</span> <span class='ocrx_word' id='word_1_480' title='bbox 1833 3053 1875 3076; x_wconf 87' lang='lat' dir='ltr'>ac</span> <span class='ocrx_word' id='word_1_481' title='bbox 1896 3040 2065 3076; x_wconf 86' lang='lat' dir='ltr'>doctissi—</span> 
     </span>
     <span class='ocr_line' id='line_1_46' title="bbox 360 3089 2063 3136; baseline -0.001 -11"><span class='ocrx_word' id='word_1_482' title='bbox 360 3092 429 3126; x_wconf 85' lang='lat' dir='ltr'>mis</span> <span class='ocrx_word' id='word_1_483' title='bbox 455 3092 563 3134; x_wconf 77' lang='lat' dir='ltr'>uiris,</span> <span class='ocrx_word' id='word_1_484' title='bbox 596 3097 627 3127; x_wconf 74' lang='lat' dir='ltr'>et</span> <span class='ocrx_word' id='word_1_485' title='bbox 651 3094 703 3127; x_wconf 73' lang='lat' dir='ltr'>sic</span> <span class='ocrx_word' id='word_1_486' title='bbox 728 3093 785 3127; x_wconf 85' lang='lat' dir='ltr'>uel</span> <span class='ocrx_word' id='word_1_487' title='bbox 809 3093 975 3127; x_wconf 71' lang='lat' dir='ltr'>similiter</span> <span class='ocrx_word' id='word_1_488' title='bbox 999 3103 1103 3136; x_wconf 77' lang='lat' dir='ltr'>saepe</span> <span class='ocrx_word' id='word_1_489' title='bbox 1136 3092 1333 3126; x_wconf 71' lang='lat' dir='ltr'>Varronem</span> <span class='ocrx_word' id='word_1_490' title='bbox 1365 3092 1525 3135; x_wconf 77' lang='lat' dir='ltr'>appellat</span> <span class='ocrx_word' id='word_1_491' title='bbox 1550 3091 1592 3125; x_wconf 88' lang='lat' dir='ltr'>de</span> <span class='ocrx_word' id='word_1_492' title='bbox 1617 3092 1765 3125; x_wconf 76' lang='lat' dir='ltr'>ciuitate</span> <span class='ocrx_word' id='word_1_493' title='bbox 1790 3090 1872 3124; x_wconf 87' lang='lat' dir='ltr'>Dei.</span> <span class='ocrx_word' id='word_1_494' title='bbox 1918 3100 1960 3124; x_wconf 66' lang='grc' dir='ltr'>επ</span> <span class='ocrx_word' id='word_1_495' title='bbox 1985 3089 2063 3123; x_wconf 89' lang='lat' dir='ltr'>Au-</span> 
     </span>
     <span class='ocr_line' id='line_1_47' title="bbox 359 3136 2065 3184; baseline -0.002 -11"><span class='ocrx_word' id='word_1_496' title='bbox 359 3141 504 3184; x_wconf 65' lang='lat' dir='ltr'>gustino</span> <span class='ocrx_word' id='word_1_497' title='bbox 533 3140 762 3175; x_wconf 72' lang='lat' dir='ltr'>Claudianus</span> <span class='ocrx_word' id='word_1_498' title='bbox 789 3141 993 3174; x_wconf 81' lang='lat' dir='ltr'>Mamertus</span> <span class='ocrx_word' id='word_1_499' title='bbox 1020 3140 1061 3174; x_wconf 88' lang='lat' dir='ltr'>de</span> <span class='ocrx_word' id='word_1_500' title='bbox 1086 3144 1184 3174; x_wconf 77' lang='lat' dir='ltr'>statu</span> <span class='ocrx_word' id='word_1_501' title='bbox 1211 3140 1355 3174; x_wconf 79' lang='lat' dir='ltr'>animae</span> <span class='ocrx_word' id='word_1_502' title='bbox 1376 3151 1403 3172; x_wconf 95' lang='lat'>11</span> <span class='ocrx_word' id='word_1_503' title='bbox 1424 3141 1444 3172; x_wconf 89' lang='grc'>8</span> <span class='ocrx_word' id='word_1_504' title='bbox 1574 3142 1614 3172; x_wconf 94' lang='grc'>11</span> <span class='ocrx_word' id='word_1_505' title='bbox 1639 3139 1701 3181; x_wconf 80' lang='lat' dir='ltr'>(fr.</span> <span class='ocrx_word' id='word_1_506' title='bbox 1719 3140 1777 3181; x_wconf 84' lang='lat'>17)</span> <span class='ocrx_word' id='word_1_507' title='bbox 1800 3136 2032 3172; x_wconf 86' lang='lat' dir='ltr'>Diomedes</span> <span class='ocrx_word' id='word_1_508' title='bbox 2051 3148 2065 3169; x_wconf 95' lang='lat'>1</span> 
     </span>
    </p>
   </div>
  </div>
 </body>
</html>
