2211 3653
56 808 101 839 48

137 193 316 227 Lucanus
757 191 1002 228 LVCVLLVS
1032 197 1228 237 15‚47—48
1791 197 1844 237 91

135 301 302 343 dicatis'
334 301 534 355 inquiunt
568 301 676 342 ‘uisa
703 301 909 356 quaedam
943 301 1058 343 mitti
1084 317 1107 343 a
1134 302 1224 356 deo,
1258 303 1373 345 uelut
1405 318 1452 345 ea
1480 319 1586 358 quae
1615 305 1656 345 in
1685 305 1846 346 somnis

134 373 361 414 uideantur
402 387 595 426 quaeque
634 372 816 415 oraculis
855 372 1059 427 auspiciis
1097 374 1206 414 extis
1247 374 1527 417 declarentur’
1572 375 1694 432 (haec
1733 376 1845 417 enim

134 445 253 485 aiunt
284 444 455 499 probari
490 460 514 484 a
541 443 715 497 Stoicis,
745 458 852 498 quos
879 447 1028 486 contra
1054 444 1293 501 disputant)
1329 471 1383 476 —
1417 449 1626 501 quaerunt
1660 461 1844 501 quonam

133 515 259 556 modo
297 515 405 556 falsa
444 516 536 556 uisa
575 530 682 569 quae
721 515 807 556 sint
845 529 892 556 ea
931 515 1031 557 deus
1071 516 1237 558 efficere
1274 518 1409 571 possit
1441 518 1692 572 probabilia,
1738 533 1844 573 quae

132 589 273 628 autem
305 586 430 641 plane
462 600 671 640 proxume
703 586 754 627 ad
787 601 935 628 uerum
968 587 1174 628 accedunt
1208 588 1375 631 efficere
1407 603 1495 630 non
1520 589 1669 643 possit,
1702 592 1776 630 aut
1809 591 1843 631 si

131 672 178 699 ea
217 672 386 712 quoque
426 658 580 712 possit,
619 672 692 699 cur
731 657 806 698 illa
842 672 928 699 non
966 658 1104 711 possit
1142 673 1250 713 quae
1288 659 1599 713 perdifficiliter
1637 660 1844 702 internos-

130 732 280 770 cantur
324 732 484 782 tamen,
530 732 569 770 et
615 730 650 770 si
693 728 814 783 haec,
859 744 934 771 cur
976 743 1063 770 non
1107 730 1218 770 inter
1262 745 1368 784 quae
1413 731 1522 773 nihil
1560 732 1616 772 sit
1655 732 1841 775 omnino.

131 799 320 854 ‘Deinde,
354 815 450 842 011111
483 815 602 842 1116118
635 802 858 841 moueatur
890 800 982 854 ipsa
1014 814 1089 854 per
1121 815 1223 854 sese,
1255 804 1302 842 ut
1335 804 1375 842 et
1409 817 1456 843 ea
1489 802 1703 845 declarant
1735 818 1841 858 quae

129 871 390 927 cogitatione
433 871 703 926 depingimus
736 874 777 912 et
809 886 856 912 ea
890 885 996 925 quae
1029 871 1098 912 uel
1132 872 1440 914 dormientibus
1474 873 1543 914 uel
1574 874 1748 915 furiosis
1781 876 1837 915 ui-

129 942 282 984 dentur
314 958 398 984 non
432 943 606 996 inquam
638 943 728 983 ueri
762 942 899 983 simile
932 942 988 983 sit
1018 943 1079 983 sic
1105 944 1235 984 etiam
1261 946 1446 985 mentem
1474 946 1648 999 moueri,
1680 949 1728 987 ut
1753 961 1839 987 non

127 1013 254 1055 modo
293 1028 380 1055 non
419 1014 680 1055 internoscat
721 1028 823 1054 uera
860 1013 934 1054 illa
972 1013 1065 1054 uisa
1103 1014 1189 1055 sint
1227 1029 1334 1055 anne
1376 1015 1500 1069 falsa,
1542 1017 1615 1057 sed
1646 1020 1695 1058 ut
1727 1018 1771 1058 111
1804 1018 1838 1059 18

125 1085 235 1126 nihil
272 1085 439 1127 intersit
473 1084 682 1138 omnino',
721 1087 767 1125 ut
799 1083 834 1126 si
868 1085 941 1139 qui
973 1087 1202 1126 tremerent
1235 1088 1275 1126 et
1308 1085 1623 1128 exalbescerent
1654 1088 1725 1129 uel
1758 1089 1839 1143 ipsi

124 1171 201 1211 per
233 1171 276 1198 se
309 1159 428 1198 motu
461 1156 615 1198 mentis
647 1156 792 1210 aliquo
825 1155 895 1197 uel
927 1155 1095 1198 obiecta
1126 1157 1308 1198 terribili
1341 1171 1385 1198 re
1418 1158 1694 1214 extrinsecus,
1728 1159 1840 1202 nihil

123 1231 172 1269 ut
204 1230 315 1269 esset
348 1229 422 1282 qui
453 1227 789 1282 distingueretur
820 1229 980 1268 tremor
1011 1227 1083 1268 ille
1116 1230 1158 1268 et
1190 1228 1338 1284 pallor,
1372 1244 1507 1283 neque
1534 1233 1581 1271 ut
1609 1231 1839 1285 quicquam

122 1298 347 1341 interesset
382 1300 486 1340 inter
517 1299 767 1340 intestinum
801 1301 842 1339 et
875 1297 1079 1340 oblatum.
1132 1299 1370 1341 ‘Postremo
1404 1301 1440 1341 si
1472 1301 1590 1342 nulla
1622 1302 1714 1343 uisa
1738 1305 1838 1344 sunt

244 1491 260 1522 1
290 1488 426 1522 somnis
456 1489 528 1522 iam
556 1488 740 1522 Dauisius
765 1487 977 1529 defenderat
1014 1471 1164 1522 somniis
1186 1488 1225 1521 F
1226 1492 1238 1522 t
1398 1493 1417 1522 3
1447 1500 1467 1523 a
1494 1500 1550 1524 om
1579 1491 1701 1525 thinr
1727 1497 1759 1526 et
1784 1493 1836 1527 ita

119 1547 208 1570 sane
239 1536 365 1570 scribit
390 1547 428 1580 p.
454 1539 579 1577 149,15
613 1540 644 1570 et
674 1546 779 1579 saepe
809 1535 993 1578 similiter,
1025 1536 1087 1570 sed
1118 1536 1212 1580 efp.
1236 1539 1481 1579 31‚15.103‚5.
1506 1541 1608 1579 110,5
1642 1538 1684 1573 de
1715 1540 1837 1581 sin.1v

120 1585 201 1625 8‚19
229 1584 270 1617 (Ie
297 1584 371 1617 diu.
394 1596 406 1616 1
428 1586 556 1624 50,113
679 1584 864 1626 quaerunt
890 1593 977 1627 ergo
1004 1593 1168 1627 quonam
1194 1585 1228 1618 ci
1252 1595 1271 1618 r
1396 1588 1416 1618 4
1444 1585 1534 1619 deos
1551 1597 1599 1629 pr
1618 1586 1693 1621 ΑΓ

121 1635 140 1663 ὁ
167 1641 211 1664 eae
236 1630 347 1674 plane
373 1642 551 1675 proxume
571 1631 726 1665 alterum
745 1634 868 1664 utrum
888 1630 945 1665 del
965 1631 1174 1666 Durandus
1318 1632 1500 1667 accedant
1520 1633 1725 1669 Lambinus
1744 1635 1838 1670 tbmr

113 1678 370 1722 probabiliter,
397 1679 439 1721 cf
457 1678 646 1713 Hireelius
672 1682 806 1722 quaest.
826 1690 869 1711 111
890 1681 956 1712 261
980 1690 1014 1712 n.
1182 1682 1212 1712 5.
1229 1682 1248 1712 6
1276 1680 1341 1713 aut
1361 1679 1391 1713 si
1490 1692 1563 1715 non
1583 1681 1704 1725 possit
1729 1693 1785 1717 om
1808 1684 1842 1717 V

761 1727 775 1751 f

239 1765 258 1795 6
284 1772 351 1806 per
374 1761 566 1796 dificiliter
584 1772 665 1796 corr
687 1760 909 1795 &dificulter
936 1762 968 1796 V
1110 1772 1206 1806 quae
1226 1762 1502 1806 perdifficiliter
1521 1764 1833 1809 internoscantur,

117 1809 419 1843 internoscantur
443 1811 570 1843 tamen
601 1810 635 1844 ei
657 1821 693 1851 r,
724 1809 786 1843 sed
817 1809 918 1853 loqui
948 1809 1096 1844 uidetur
1127 1810 1426 1854 quemadmodum
1459 1813 1620 1847 Plautus
1651 1814 1742 1857 epid.
1765 1818 1833 1848 426

119 1856 200 1890 sine
231 1858 296 1891 tuo
328 1856 456 1892 labore
488 1856 588 1900 quod
620 1856 715 1890 uelis
751 1857 914 1890 actumst
946 1859 1073 1891 tamen
1105 1857 1163 1892 nel
1189 1858 1264 1901 ipse
1294 1858 1336 1892 de
1361 1863 1437 1893 nat.
1458 1860 1552 1894 deor.
1574 1873 1587 1893 1
1609 1864 1712 1901 2Ο,54
1738 1872 1833 1905 quae

117 1903 312 1938 interiecto
338 1904 443 1939 inani
470 1904 738 1939 cohaerescunt
763 1906 889 1938 tamen
908 1904 1006 1939 inter
1026 1916 1063 1938 se
1211 1908 1229 1938 7
1249 1911 1334 1949 post
1352 1908 1477 1940 tamen
1499 1909 1721 1943 intercidisse
1740 1910 1833 1944 talia

116 1953 183 1985 aut
209 1963 305 1996 quae
331 1963 377 1986 ne
403 1953 705 1986 internoscantur
731 1952 883 1996 quidem
909 1953 941 1986 el
963 1964 1000 1996 p.
1024 1956 1138 1994 92,15.
1161 1955 1205 1986 20
1232 1954 1266 1987 ci
1285 1955 1492 1996 Bentleius,
1517 1956 1579 1990 sed
1597 1956 1682 1990 uide
1697 1968 1735 2000 p¹
1753 1961 1831 1997 92,2

237 2001 275 2033 et
299 2012 379 2034 cum
404 2012 468 2035 ras
492 2012 536 2035 em
563 2001 602 2033 at
626 2001 661 2034 A
807 2009 917 2045 quem
937 2011 981 2034 ep
1001 2011 1112 2043 quem
1133 2002 1167 2034 A
1195 2004 1231 2044 (ἶ
1250 2012 1294 2036 eoe
1314 2013 1347 2045 q.
1378 2003 1412 2037 V
1551 2003 1700 2037 intersit
1720 2005 1833 2039 Lam—

951 2055 968 2072 a

115 2083 241 2125 binus,
273 2083 314 2126 cf
332 2095 372 2127 p.
394 2086 508 2125 92,16.
532 2087 586 2117 24.
609 2086 688 2126 93,3
877 2086 897 2116 8
930 2083 1145 2126 edeclarant
1173 2085 1207 2117 V
1378 2089 1397 2118 9
1425 2085 1597 2120 fumosus
1618 2098 1662 2121 ea*
1688 2086 1779 2121 <osus
1796 2089 1831 2123 B

236 2134 279 2164 10
299 2142 373 2165 non
393 2135 509 2175 mqua
530 2131 616 2173 BV,
642 2143 722 2165 corr
740 2132 942 2174 nonssfiqua
963 2132 997 2165 A
1024 2142 1145 2165 nonne
1168 2133 1242 2174 (uel
1262 2136 1351 2175 non)
1379 2133 1556 2176 inquiunt
1581 2134 1658 2169 Ald
1683 2139 1716 2178 t;
1742 2146 1831 2169 non-

114 2189 320 2222 numquam
342 2179 564 2224 Maduiyius
593 2180 634 2213 de
654 2180 716 2222 fin.
738 2191 781 2212 111
804 2181 906 2221 17‚58
928 2190 965 2222 p.
988 2183 1057 2213 444
1084 2184 1116 2213 et
1142 2179 1270 2215 deinde
1296 2180 1500 2215 uerisimile
1527 2182 1600 2224 est,
1628 2194 1719 2225 quae
1738 2195 1830 2218 rece-

106 2230 246 2269 perunt
272 2227 368 2269 111111,-
403 2230 436 2261 et
460 2231 550 2261 certe
576 2228 640 2270 qui
667 2226 799 2268 ‘forma
827 2227 1094 2271 inte7·r09atiua
1120 2232 1152 2262 et
1177 2228 1305 2263 modus
1331 2229 1589 2264 coniunctium
1620 2241 1700 2264 cum
1725 2242 1830 2265 mem-

115 2274 260 2308 brorum
286 2275 543 2318 aequabilitate
570 2279 645 2308 tum
665 2274 875 2318 pertinacia
902 2274 1076 2308 instantis
1096 2275 1304 2320 philosophi
1328 2278 1446 2320 maqis
1471 2278 1763 2320 commendetur'‚
1790 2283 1830 2313 ut

112 2322 168 2355 ait
188 2325 218 2361 t,
238 2332 313 2355 non
331 2322 466 2364 sentio;
480 2323 600 2365 possis
620 2322 728 2356 etiam
747 2321 806 2363 fit,
833 2326 873 2356 ut
894 2322 1054 2365 loquitur
1079 2323 1266 2357 Terentius
1282 2324 1451 2358 Andriae
1476 2328 1543 2358 225
1563 2324 1656 2358 mihi
1677 2326 1829 2369 quidem

113 2368 236 2402 hercle
263 2380 335 2402 non
362 2369 402 2402 fit
429 2369 508 2403 ueri
535 2368 673 2411 simile,
699 2370 741 2411 ef
766 2370 854 2403 Tim.
878 2373 958 2412 3‚8;
983 2370 1044 2404 sed
1068 2373 1188 2404 tamen
1211 2383 1314 2417 aeyre
1332 2374 1409 2414 fero
1429 2373 1528 2406 istud
1548 2383 1828 2417 nonnumquam

113 2417 208 2460 quod
239 2428 349 2460 ‘neque
382 2427 461 2450 cum
493 2417 535 2451 de
560 2418 617 2451 his
644 2418 750 2451 rebus
775 2418 916 2451 locutus
941 2422 991 2452 est
1016 2429 1189 2462 umquam
1208 2420 1336 2463 posuit
1363 2420 1502 2462 Cicero,
1531 2424 1564 2453 et
1588 2431 1654 2455 cur
1679 2422 1720 2455 iu
1745 2422 1828 2456 dor-

110 2464 306 2499 mientibus
331 2465 458 2509 potius
488 2465 709 2508 furiosisque
734 2469 930 2509 poneretur
956 2477 1064 2509 quam
1091 2467 1131 2499 in
1157 2467 1438 2511 eoyitationibus
1463 2468 1558 2502 w'ln'l
1583 2472 1680 2511 erat‚·
1706 2470 1827 2513 itaque

109 2512 269 2555 suspicio
301 2513 467 2546 nascitur
493 2513 691 2547 orationem
720 2524 884 2547 mancam
909 2514 1034 2556 potius
1059 2524 1130 2548 esse
1156 2525 1264 2557 quam
1290 2519 1499 2559 corruptam
1525 2520 1557 2550 et
1582 2516 1689 2550 talem
1713 2517 1827 2558 fuisse

111 2560 428 2605 interrogationem
454 2571 524 2593 non
556 2560 629 2603 (uel
648 2561 737 2593 non'
760 2559 936 2603 inquiunt
952 2560 980 2603 ‘j
1002 2560 1223 2605 intellegitis
1247 2563 1321 2604 (uel
1340 2573 1414 2596 non
1436 2562 1591 2606 uidetis)
1614 2575 1727 2607 quam
1746 2564 1826 2598 ueri

112 2606 233 2640 simile
260 2606 325 2650 sit,
352 2611 393 2642 ut
416 2608 562 2651 scripsit
586 2608 628 2642 de
654 2613 728 2642 nat.
752 2609 846 2642 deor.
868 2620 880 2641 1
902 2611 1004 2651 27‚77
1027 2608 1091 2642 sed
1112 2610 1152 2642 tu
1179 2609 1249 2643 hoc
1265 2637 1292 2644 ..
1315 2621 1388 2644 non
1413 2610 1519 2644 uides
1546 2621 1659 2654 quam
1685 2610 1825 2646 blanda

110 2653 346 2688 conciliatrix
367 2682 374 2689 .
392 2683 398 2688 .
414 2682 421 2689 .
444 2655 493 2689 sit
514 2683 520 2689 .
538 2684 543 2689 .
566 2657 701 2689 natura
729 2659 762 2689 et
780 2666 884 2699 saepe
903 2656 1071 2690 similiter
1200 2658 1365 2691 montem
1384 2669 1434 2702 pr
1454 2659 1489 2692 B
1590 2662 1630 2692 11
1660 2658 1704 2692 118
1732 2659 1823 2693 Rom

110 2700 169 2734 his
192 2702 304 2736 AVB
452 2706 493 2757 12
521 2702 549 2736 &
570 2703 645 2737 add
666 2704 701 2737 A
849 2707 891 2736 13
917 2705 1045 2738 motu*
1067 2703 1117 2749 [s]
1146 2705 1198 2746 B,
1226 2706 1309 2739 item
1332 2706 1367 2740 A
1386 2706 1448 2740 sed
1468 2711 1507 2740 ut
1527 2706 1616 2749 quid
1635 2706 1748 2748 fuerit
1767 2709 1825 2741 iu-

108 2765 244 2795 certum
268 2762 316 2795 sit
459 2761 585 2796 tribile
608 2774 655 2806 pr
681 2762 716 2796 A
863 2766 906 2796 14
932 2764 975 2795 ut
1000 2767 1191 2808 utrumque
1217 2764 1330 2799 deleri
1353 2766 1537 2800 'malebant
1561 2766 1767 2800 Lambinus
1792 2771 1825 2802 et

111 2808 313 2851 Dauisius,
344 2814 386 2843 ut
414 2813 500 2844 esset
530 2822 571 2844 ea
604 2811 722 2845 oratio
753 2821 862 2854 quam
888 2811 1012 2855 attiyit
1038 2811 1261 2856 DIacluiyius
1289 2813 1331 2846 de
1356 2813 1419 2855 fin.
1440 2825 1477 2845 1v
1500 2816 1623 2855 12,30,·
1648 2824 1709 2857 eqo
1729 2818 1822 2857 puto

108 2859 260 2899 utroque
279 2858 386 2900 quasi
410 2858 576 2891 reuocari
595 2859 672 2892 uim
691 2858 793 2892 illius
818 2858 913 2901 quod
937 2858 1012 2899 fuit
1038 2870 1073 2892 u.
1097 2862 1157 2901 11,
1185 2863 1216 2893 et
1241 2872 1283 2893 ea
1310 2860 1351 2893 de
1377 2871 1489 2894 causa
1515 2861 1634 2894 artius
1659 2861 1725 2895 has
1743 2872 1823 2895 sen-

110 2905 242 2938 tentias
267 2905 362 2938 inter
385 2915 421 2938 se
452 2915 606 2939 eoneoeas
631 2916 702 2939 esse
726 2906 959 2950 significan&
985 2917 1069 2940 nam
1097 2907 1131 2941 si
1155 2907 1221 2941 illa
1249 2907 1331 2941 inde
1358 2908 1402 2941 ab
1428 2909 1470 2940 ut
1491 2907 1521 2940 si
1544 2918 1594 2942 (u.
1618 2910 1678 2950 12)
1693 2919 1763 2952 per
1787 2921 1822 2944 se

106 2955 217 2993 stent,
250 2952 344 2995 quod
370 2952 501 2986 uolunt
522 2954 644 2994 ceteri,
670 2953 733 2996 qui
758 2953 852 2987 illud
880 2953 990 2987 ‘nihil
1020 2957 1061 2987 «ut
1092 2954 1139 2988 sit
1170 2955 1235 2998 qui
1264 2955 1517 2998 distinyuatur
1543 2959 1673 2990 tremor
1704 2956 1764 2990 ille
1790 2962 1822 2991 et

102 2998 241 3041 pallor'
270 2999 455 3042 efficiatur
479 3010 583 3045 aeyre
609 3000 719 3034 dicas.
765 3000 825 3034 sed
851 3004 989 3044 tempus
1011 3006 1267 3036 commutatum
1288 3003 1394 3045 quasi
1412 3002 1499 3036 haec
1518 3002 1728 3037 aduersarii
1746 3015 1821 3038 non

108 3069 182 3112 ipsi
205 3069 332 3104 dicant
355 3070 416 3104 sed
441 3071 576 3105 dimisse
602 3071 774 3105 dicantur
801 3071 858 3113 (cf
871 3082 910 3114 p.
928 3074 1065 3113 126,15.
1089 3076 1190 3114 150,ῖ
1223 3073 1312 3106 Tim.
1329 3076 1432 3116 42,22
1443 3076 1493 3116 33)
1640 3060 1779 3118 pallbr,
1800 3087 1820 3110 0

107 3126 152 3149 esc
177 3126 199 3149 a
218 3121 259 3151 ut
283 3117 360 3159 uid,
392 3129 535 3152 erasum
567 3118 657 3162 quid
687 3119 735 3153 sit
765 3119 883 3153 nescio
910 3119 945 3152 A
1140 3123 1182 3153 15
1206 3119 1304 3154 inter
1323 3132 1378 3155 om
1400 3121 1524 3163 AVB,
1543 3121 1604 3156 sed
1623 3123 1663 3156 iu
1685 3123 1720 3157 A
1746 3123 1820 3158 add

107 3164 222 3206 mter,
248 3165 289 3198 in
309 3164 345 3198 B
371 3176 409 3198 111
554 3165 732 3199 ursasunt
758 3165 868 3211 [duae
893 3170 933 3199 ut
959 3166 1025 3200 uid
1050 3166 1190 3212 hastae]
1217 3179 1229 3200 1
1254 3168 1318 3202 red
1343 3169 1377 3202 A

1862 966 1893 988 10

1860 1320 1891 1345 15
