2211 3653
778 182 1041 218 ACADEMICI
1066 183 1110 218 ΙΙ.
1131 183 1180 218 ΙΙΙ
1776 186 1829 226 61

123 311 211 335 rum
243 297 471 335 societatem
503 298 542 334 et
575 296 771 334 hominem
804 298 842 333 et
873 297 1091 345 sapientem
1117 296 1273 333 trudere
1302 297 1411 334 nefas
1448 309 1541 334 esse.
1600 299 1736 335 contra
1763 297 1830 334 ille

122 358 339 395 conuocata
371 356 418 392 de
451 355 619 393 hortulis
648 355 689 392 in
715 355 909 392 auxilium
935 356 1049 404 quasi
1076 354 1194 392 Liber
1223 355 1341 393 turba
1374 356 1681 394 temulentorum
1713 370 1830 405 quae-

122 417 296 453 rentium
334 418 469 452 tamen
507 427 624 463 quem
662 415 871 462 incomptis
907 414 1105 464 unguibus
1138 414 1373 452 bacchantes
1407 427 1623 464 asperoque
1657 428 1721 453 ore
1754 416 1830 453 dis-

121 476 284 523 cerpant
328 474 547 522 uoluptatis
585 486 725 511 nomen
763 474 1009 510 suauitatem
1048 473 1224 522 quietem
1262 476 1362 512 teste
1401 475 1547 523 populo
1588 487 1830 525 exaggerans

122 534 245 571 instat
284 533 427 570 acriter
464 535 508 570 ut
546 532 623 570 nisi
662 545 707 570 ea
746 533 884 570 beatus
921 545 1033 570 nemo
1066 545 1148 570 esse
1180 545 1293 581 posse
1328 533 1522 571 uideatur.
1590 534 1631 570 in
1665 547 1832 582 quorum

122 593 247 630 rixam
286 592 319 630 si
358 591 617 629 Academicus
657 591 884 639 incurrerit,
927 594 1119 640 utrosque
1158 592 1294 629 audiet
1331 593 1533 630 trahentes
1573 605 1611 630 se
1652 593 1700 630 ad
1739 605 1829 631 suas

122 653 271 700 partes,
310 651 378 688 sed
415 651 447 688 si
486 651 525 687 in
564 651 653 688 illos
687 653 756 688 aut
788 653 828 688 in
860 650 958 689 istos
991 651 1246 698 concesserit,
1286 651 1333 688 ab
1368 651 1422 689 eis
1456 664 1554 700 quos
1587 652 1740 689 deseret
1772 653 1830 689 in-

122 723 240 749 sanus
279 710 487 759 imperitus
525 710 837 759 temerariusque
877 709 1125 747 clamabitur.
1195 711 1332 759 itaque
1372 723 1459 747 cum
1493 714 1530 748 et
1563 711 1635 748 hac
1668 713 1706 748 et
1738 712 1831 748 illac

122 783 255 807 aurem
295 769 508 819 diligenter
546 769 783 817 admouerit,
828 769 1097 818 interrogatus
1135 768 1230 818 quid
1269 769 1304 806 ei
1342 769 1525 807 uideatur
1562 770 1744 808 dubitare
1790 783 1830 808 se

121 829 234 866 dicet.
291 841 387 878 roga
419 840 522 866 nunc
555 828 731 866 Stoicum
763 828 832 877 qui
867 828 919 865 sit
951 827 1109 877 melior,
1142 828 1388 877 Epicurusne
1421 828 1490 877 qui
1526 828 1692 867 delirare
1718 830 1831 866 illum

122 888 287 935 clamat,
329 901 378 925 an
417 887 676 925 Academicus
716 888 785 936 qui
824 887 899 924 sibi
937 887 1064 924 adhuc
1102 887 1149 924 de
1187 900 1228 924 re
1267 890 1380 925 tanta
1418 887 1716 925 deliberandum
1749 902 1831 927 esse

123 947 373 997 pronuntiat:
406 960 519 984 nemo
552 946 709 984 dubitat
735 946 1013 984 Academicum
1038 947 1262 996 praelatum
1288 946 1347 984 iri.
1404 959 1538 985 rursus
1571 949 1610 985 te
1643 947 1693 984 ad
1718 949 1830 985 illum

123 1009 305 1045 conuerte
339 1008 378 1044 et
411 1019 554 1055 quaere
586 1019 702 1055 quem
732 1005 860 1056 magis
888 1008 1004 1053 amet,
1037 1006 1232 1044 Zenonem
1261 1019 1283 1043 a
1316 1019 1392 1055 quo
1419 1006 1546 1044 bestia
1573 1009 1748 1054 uocatur,
1782 1020 1832 1045 an

120 1065 325 1103 Arcesilan
358 1079 380 1102 a
412 1078 489 1114 quo
523 1065 634 1103 audit
667 1061 726 1102 ‘tu
757 1066 925 1103 fortasse
958 1077 1095 1102 uerum
1122 1065 1218 1102 dicis
1246 1065 1314 1102 sed
1338 1067 1540 1114 requiram
1566 1064 1831 1116 diligentius’:

119 1137 247 1162 nonne
286 1127 466 1174 apertum
505 1126 564 1162 est
602 1126 729 1162 totam
766 1125 879 1161 illam
916 1125 1111 1172 porticum
1154 1126 1352 1171 insanam,
1397 1125 1653 1163 Academicos
1700 1128 1831 1163 autem

121 1197 215 1233 prae
246 1185 327 1221 illis
360 1184 555 1222 modestos
588 1186 802 1233 cautosque
834 1184 1012 1221 homines
1046 1184 1171 1221 uideri
1204 1183 1402 1233 Epicuro?

963 1286 987 1312 21<

121 1368 403 1426 (Academicis)
437 1385 584 1411 morem
611 1374 730 1411 fuisse
757 1374 982 1411 occultandi
1014 1375 1251 1411 sententiam
1283 1386 1395 1412 suam
1422 1386 1492 1411 nec
1525 1387 1611 1411 eam
1646 1375 1833 1424 cuiquam

121 1434 197 1470 nisi
230 1435 298 1482 qui
330 1445 460 1470 secum
494 1433 543 1470 ad
575 1434 815 1470 senectutem
847 1445 969 1481 usque
1002 1434 1192 1471 uixissent
1226 1433 1375 1482 aperire
1409 1445 1624 1471 consuesse.

964 1535 988 1561 ιιι

661 1679 1154 1728 AOADEMICVS
1202 1681 1290 1728 III

963 1785 986 1811 ἧς

119 1857 164 1897 in
196 1859 314 1897 tanta
347 1857 628 1898 animantium
660 1858 867 1898 uarietate
899 1857 1063 1898 homini
1090 1860 1136 1898 ut
1164 1857 1244 1898 soli
1271 1858 1482 1912 cupiditas
1509 1858 1830 1913 ingeneraretur

119 1927 378 1983 cognitionis
411 1931 452 1969 et
485 1928 686 1969 scientiae

964 1987 987 2012 ³1<

239 2107 258 2137 3
286 2105 432 2138 tantum
460 2104 648 2139 Patricius
672 2116 704 2138 m
720 2118 731 2146 ,·
756 2105 874 2146 fuitne
900 2104 1096 2138 Penthea?
1245 2108 1286 2138 10
1315 2106 1396 2149 quis
1417 2106 1486 2140 edd
1632 2109 1686 2140 17.
1704 2110 1745 2140 18
1768 2107 1830 2149 (fr.

121 2154 163 2185 35
185 2151 241 2186 tbr
261 2155 303 2184 21
327 2155 375 2195 m)
404 2152 504 2186 Idem
530 2152 617 2186 ibid.
640 2165 681 2185 111
701 2155 804 2194 ‘20‚43
832 2151 999 2195 quisquis
1027 2154 1152 2186 autem
1179 2154 1288 2195 putat
1315 2153 1384 2187 hoc
1409 2153 1565 2187 sensisse
1586 2153 1831 2188 Academicos

121 2201 211 2238 (ozon
232 2210 335 2242 posse
361 2200 406 2233 ab
426 2200 566 2233 homine
586 2201 750 2234 *inueniri
769 2201 985 2242 ueritatem),
1006 2199 1128 2243 ipsum
1150 2199 1362 2234 Ciceronem
1383 2201 1522 2235 audiat.
1563 2201 1617 2235 ait
1638 2201 1735 2235 enim
1757 2201 1831 2235 illis

120 2257 258 2280 morem
373 2257 578 2281 consuesse.
636 2258 732 2290 quae
765 2247 813 2280 sit
845 2248 970 2281 autem
996 2247 1069 2280 ista
1095 2246 1194 2281 Deus
1221 2248 1374 2289 uiderit,
1406 2259 1488 2282 eam
1520 2250 1646 2283 tamen
1673 2249 1834 2283 arbitror

120 2293 286 2327 Platonis
307 2293 431 2328 fuisse.
470 2295 556 2328 ibid*
578 2307 620 2327 111
642 2298 741 2336 18,41
765 2295 906 2337 (dubito
927 2306 977 2329 an
996 2306 1070 2329 non
1091 2306 1134 2328 ex
1155 2295 1336 2339 Cicerone)
1360 2296 1591 2330 Metrodorus
1614 2297 1671 2338 (ef
1686 2297 1830 2331 Lucull.

121 2344 212 2383 ‹5‚16.
234 2344 354 2383 2458)
379 2369 384 2374 .
402 2369 407 2374 .
426 2370 431 2375 .
453 2341 594 2385 primus
615 2341 753 2376 dicitur
773 2352 852 2375 esse
874 2341 1062 2376 confessus
1087 2353 1160 2376 non
1182 2342 1329 2377 derecto
1352 2343 1518 2385 (decreto
1539 2344 1622 2387 edd)
1645 2343 1832 2388 placuisse

120 2388 354 2422 Academicis
390 2388 484 2422 nihil
516 2400 623 2433 posse
651 2389 931 2434 comprehendi,
965 2390 1030 2423 sed
1056 2390 1265 2424 necessario
1292 2393 1421 2425 contra
1448 2391 1590 2425 Stoicos
1617 2391 1831 2426 huiusmodi

120 2446 180 2470 eos
207 2447 310 2470 arma
337 2437 548 2480 sumpsisse.
595 2437 685 2472 libro
706 2450 733 2470 11
754 2438 934 2480 adscripsi
953 2448 1029 2472 cum
1052 2449 1071 2471 r
1080 2451 1091 2480 ;
1120 2439 1295 2472 Varronis
1315 2440 1354 2472 iai
1375 2452 1416 2472 111
1438 2439 1684 2483 disputationi
1704 2441 1833 2474 tribuit

121 2484 315 2518 Krischins
331 2496 367 2528 p.
386 2488 451 2517 186
473 2487 555 2528 (60).
596 2485 637 2527 cf
651 2486 795 2520 Lucan.
820 2488 921 2527 18‚60
948 2486 1048 2519 Tusc.
1065 2498 1085 2518 v
1101 2489 1179 2527 4,ss
1202 2485 1331 2520 Seaetus
1350 2487 1469 2531 hypot.
1485 2500 1497 2520 1
1513 2490 1580 2520 ‘234
1605 2487 1833 2521 Olelmamzus

119 2531 161 2565 de
180 2531 215 2566 S.
238 2532 442 2577 Auqustim'
466 2532 623 2577 dialoyis
650 2534 685 2566 in
716 2533 919 2568 cassiciaco
945 2534 1091 2577 seriptis
1118 2533 1218 2575 (diss.
1241 2534 1389 2579 Aryent.
1414 2537 1520 2576 1897)
1551 2538 1593 2568 75
1608 2546 1625 2567 s

239 2582 282 2612 20
309 2591 400 2623 quae
424 2584 594 2614 secemtiir
619 2591 729 2624 usquc
755 2581 805 2614 ad
826 2592 863 2624 p.
886 2584 979 2622 ⁴328,
1012 2592 1103 2624 quae
1132 2582 1307 2615 Varronis
1333 2583 1494 2616 orationi
1518 2584 1642 2616 omnia
1668 2585 1735 2616 aut
1756 2583 1830 2625 ple-

119 2637 231 2669 mque
256 2627 432 2661 adscribit
458 2628 653 2662 Krisehias
674 2639 711 2671 2).
736 2631 801 2662 185
817 2629 917 2672 (59)s
943 2633 975 2661 et
999 2640 1034 2666 fr,
1057 2630 1235 2672 prooemii
1255 2630 1381 2672 potins
1406 2630 1566 2664 arbitror
1585 2640 1672 2670 esse,
1700 2630 1741 2663 de
1762 2641 1831 2673 qno

123 2672 242 2708 Cicero
263 2686 327 2706 v111
343 2674 392 2708 K.
415 2674 509 2709 Sem.
524 2688 556 2709 α.
576 2675 701 2720 71ομ4
728 2675 861 2710 Vibone
878 2677 1005 2710 scribit
1024 2677 1073 2709 ad
1093 2677 1252 2710 Atticum
1276 2689 1336 2709 xvt
1358 2680 1413 2717 &A
1435 2688 1531 2710 nunc
1552 2676 1831 2721 neglegentiam

120 2731 240 2753 meam
267 2731 456 2764 cognosce.
497 2722 542 2757 de
568 2722 689 2766 gloria
715 2722 852 2756 librum
879 2723 927 2756 ad
954 2727 991 2757 te
1017 2724 1113 2757 misi.
1165 2725 1203 2757 at
1230 2724 1267 2757 in
1294 2734 1336 2757 eo
1364 2724 1620 2767 prohoemium
1647 2724 1685 2757 id
1708 2724 1830 2763 (idem

120 2778 164 2801 ecc
191 2768 414 2813 Wesenberyi
439 2771 642 2804 coniectura
670 2774 719 2813 md)
755 2772 810 2804 est
842 2770 941 2814 quod
976 2771 1011 2803 in
1040 2771 1264 2805 Academico
1292 2771 1414 2805 tertio.
1458 2772 1496 2804 id
1523 2771 1649 2805 euenit
1676 2771 1721 2805 ob
1749 2782 1831 2805 eam

120 2824 196 2847 rem
229 2815 328 2858 quod
360 2815 479 2850 habeo
517 2817 691 2851 uolumen
730 2817 1046 2861 prohoemiorum;
1083 2829 1125 2852 ex
1162 2829 1203 2852 eo
1240 2818 1377 2864 eligere
1411 2818 1527 2861 soleo,
1562 2830 1644 2852 cum
1678 2818 1831 2862 aliquod

121 2861 336 2906 σύγγραμμα
362 2863 519 2897 institui.
570 2865 697 2908 itaque
725 2865 799 2899 iam
818 2865 858 2898 in
877 2865 1100 2908 Tusculano,
1128 2866 1191 2909 qui
1217 2876 1290 2899 non
1318 2866 1569 2900 meminissem
1590 2877 1648 2900 me
1673 2865 1830 2900 abusum

120 2909 191 2943 isto
218 2910 444 2953 prohoemio,
472 2911 612 2946 conieci
638 2912 676 2945 id
703 2912 741 2945 in
774 2924 857 2946 eum
889 2912 1026 2946 librum
1053 2924 1163 2956 quem
1188 2912 1259 2946 tibi
1285 2914 1379 2947 misi.
1433 2925 1517 2947 cum
1538 2915 1663 2947 autem
1684 2914 1721 2946 in
1741 2913 1831 2947 naui

119 2956 281 3001 legerem
301 2957 554 3001 Academicos,
576 2959 739 3004 adgnoui
760 2962 923 2994 erratum
943 2971 1076 2995 meum.
1116 2961 1244 3003 itaque
1265 2961 1394 2994 statim
1414 2972 1552 2995 nouum
1572 2960 1830 3004 prohoemium

119 3005 270 3038 exaraui
297 3006 333 3038 et
360 3005 429 3039 tibi
456 3005 557 3046 misi3
584 3008 625 3040 tu
651 3006 746 3040 illud
767 3007 970 3049 desecabis‚
998 3007 1067 3042 hoc
1088 3007 1354 3052 adglutinabis.
1393 3009 1549 3043 seeundo
1570 3020 1708 3052 quoque
1733 3009 1830 3043 Aca-

119 3052 252 3086 demico
278 3056 311 3087 et
335 3057 464 3096 quarto
489 3064 557 3087 sua
572 3056 758 3097 prooemia
778 3055 891 3097 fuisse
910 3055 994 3089 hinc
1013 3066 1088 3089 non
1106 3060 1196 3089 reete
1215 3056 1399 3101 colliyitiir
1544 3059 1599 3090 20.
1616 3060 1657 3089 21
1682 3056 1744 3099 (fr.
1769 3059 1828 3092 14)

120 3099 297 3134 Nonius
317 3111 356 3143 p.
380 3103 446 3134 123
479 3100 760 3145 ingeneraretur
790 3103 832 3135 ut
863 3102 1118 3136 innasceretur
1145 3102 1270 3136 Cicero
1291 3102 1598 3137 Academicorum
1625 3103 1688 3137 lib.
1711 3116 1753 3136 ιιι
1776 3104 1830 3137 ‘in

151 3174 156 3179 .
180 3174 186 3179 .
213 3147 420 3181 scientiae’.
470 3148 512 3190 cf
533 3148 675 3183 Lucull.
700 3152 801 3192 10,31
829 3149 871 3183 de
896 3150 960 3194 leq.
983 3162 994 3182 1
1017 3152 1094 3190 7,-32

1854 845 1886 868 10

1854 1140 1884 1164 15

1854 1390 1884 1414 17

1853 1876 1885 1900 20
