2211 3653
64 1316 91 1396 »μω

702 221 1010 258 ACADEMICVS
1036 222 1051 255 Ι
1080 226 1239 266 1,·2—-2‚5
1769 222 1825 264 35

120 333 302 377 scribere
334 332 449 388 quod
482 332 686 375 occultari
718 332 844 386 uelit3
886 331 959 372 sed
996 330 1132 372 habeo
1165 345 1368 387 magnum
1402 346 1508 386 opus
1541 331 1585 372 in
1618 330 1826 385 manibus,

120 419 225 460 quae
264 404 347 445 iam
386 403 570 458 pridem3
607 403 658 443 ad
697 403 811 444 hunc
849 402 961 443 enim
1000 401 1163 455 ipsum»
1201 417 1269 443 me
1301 404 1442 443 autem
1477 402 1645 444 dicebat
1676 416 1825 455 «quae—

120 476 214 517 dam
248 474 426 528 institui,
459 488 566 528 quae
598 477 640 515 et
673 477 772 514 sunt
804 487 959 529 magna
991 487 1090 514 sane
1122 475 1164 514 et
1195 473 1400 514 limantur
1431 488 1455 513 a
1486 488 1552 514 me
1583 472 1796 527 politius».

237 545 295 587 Et
326 560 405 601 ego
445 544 555 586 «Ista
593 545 788 599 quidem»
828 544 1003 599 inquam
1042 542 1202 585 «Varro
1241 544 1325 585 iam
1365 543 1436 585 diu
1475 546 1701 598 expectans
1739 557 1827 584 non

118 617 252 659 audeo
284 620 428 658 tamen
460 616 671 672 flagitare3
703 616 848 658 audiui
881 616 993 657 enim
1024 630 1045 656 e
1070 614 1235 656 Libone
1261 617 1421 668 nostrO,
1452 615 1573 656 cuius
1599 614 1713 656 nosti
1740 617 1825 656 stu-

118 689 247 742 dium,
281 686 408 743 (nihil
435 688 547 729 enim
575 687 664 728 eius
691 687 806 728 modi
833 685 968 727 celare
995 684 1241 742 possumus)
1274 700 1362 727 non
1393 689 1433 727 te
1466 700 1514 727 ea
1543 686 1825 727 intermittere

119 759 189 801 sed
234 760 472 800 accuratius
516 761 697 800 tractare
740 772 819 799 nec
862 757 912 798 de
954 757 1151 798 manibus
1192 771 1395 811 umquam
1437 756 1658 811 deponere.
1720 756 1827 798 illud

118 833 258 872 autem
297 830 404 872 mihi
442 832 539 871 ante
579 831 661 870 hoc
698 831 867 882 tempus
904 843 1139 882 numquam
1179 828 1222 869 in
1261 830 1444 869 mentem
1485 828 1603 869 uenit
1638 844 1661 868 a
1693 831 1733 869 te
1764 842 1826 869 re-

118 902 294 956 quirere.
359 902 431 942 sed
468 914 580 941 nunc
617 902 768 955 postea
806 914 933 953 quam
968 914 1061 940 sum
1094 900 1311 954 ingressus
1343 913 1410 940 res
1443 913 1512 940 eas
1547 914 1652 952 quas
1685 902 1826 940 tecum

118 973 246 1014 simul
284 973 412 1013 didici
445 971 644 1012 mandare
675 971 963 1011 monumentis
995 970 1400 1024 philosophiamque
1432 973 1619 1011 ueterem
1653 969 1769 1011 illam
1802 985 1827 1011 a

119 1043 292 1086 Socrate
332 1046 469 1084 ortam
507 1042 672 1084 Latinis
710 1041 864 1083 litteris
904 1041 1134 1095 illustrare,
1177 1056 1332 1096 quaero
1375 1041 1478 1096 quid
1519 1042 1574 1082 sit
1614 1056 1689 1082 cur
1729 1056 1825 1082 cum

119 1115 254 1157 multa
286 1115 444 1156 scribas
476 1128 610 1169 genus
643 1114 724 1154 hoc
755 1113 1083 1167 praetermittas,
1114 1113 1362 1167 praesertim
1395 1126 1489 1153 cum
1523 1115 1565 1153 et
1592 1112 1682 1166 ipse
1709 1112 1753 1153 in
1779 1126 1827 1153 eo

118 1186 298 1228 excellas
320 1188 361 1226 et
381 1185 424 1226 id
445 1184 633 1225 studium
654 1186 832 1238 totaque
852 1199 900 1225 ea
923 1199 989 1225 res
1016 1184 1143 1239 longe
1170 1184 1320 1225 ceteris
1347 1187 1389 1225 et
1416 1184 1567 1225 studiis
1595 1187 1636 1225 et
1663 1183 1827 1224 artibus

118 1257 347 1299 antecedat.
358 1273 372 1294 ›>

237 1327 345 1368 Tum
379 1327 468 1368 ille:
508 1326 637 1367 «Rem
677 1342 701 1367 a
739 1341 806 1367 me
845 1341 968 1380 saepe
1006 1326 1282 1368 deliberatam
1321 1329 1363 1368 et
1401 1326 1584 1367 multum
1620 1326 1825 1381 agitatam

118 1399 310 1455 requiris.
372 1400 514 1453 itaque
547 1412 634 1439 non
666 1398 880 1439 haesitans
913 1397 1192 1452 respondebo,
1225 1398 1299 1439 sed
1331 1412 1379 1439 ea
1411 1397 1547 1439 dicam
1582 1412 1689 1452 quae
1722 1396 1828 1438 mihi

117 1474 216 1512 sunt
248 1471 291 1511 in
324 1473 539 1525 promptu,
571 1469 685 1523 quod
718 1469 800 1511 ista
833 1469 926 1523 ipsa
958 1469 1008 1510 de
1040 1484 1085 1510 re
1117 1469 1301 1510 multum
1334 1472 1381 1509 ut
1415 1469 1502 1510 dixi
1535 1472 1577 1510 et
1609 1469 1681 1510 diu
1708 1468 1820 1524 cogi-

116 1542 215 1584 taui.
273 1557 371 1583 nam
406 1556 500 1582 cum
534 1540 853 1595 philosophiam
886 1541 1075 1582 uiderem
1109 1540 1437 1596 diligentissime
1470 1539 1639 1582 Graecis
1670 1540 1826 1581 litteris

117 1614 390 1668 explicatam,
429 1613 671 1653 existimaui
711 1612 745 1652 si
785 1611 857 1665 qui
897 1611 946 1653 de
985 1612 1144 1653 nostris
1183 1612 1272 1652 eius
1312 1612 1454 1653 studio
1488 1613 1751 1665 tenerentur,
1793 1612 1829 1651 si

117 1688 257 1727 essent
285 1683 454 1726 Graecis
487 1683 692 1724 doctrinis
726 1683 893 1738 eruditi,
927 1682 1085 1725 Graeca
1115 1686 1258 1737 potius
1292 1698 1418 1738 quam
1452 1686 1599 1724 nostra
1630 1684 1827 1736 lecturos,

117 1757 181 1797 sin
214 1771 238 1796 a
270 1754 529 1796 Graecorum
562 1755 725 1795 artibus
758 1757 800 1795 et
831 1754 1069 1808 disciplinis
1103 1754 1398 1807 abhorrerent,
1436 1769 1488 1795 ne
1520 1754 1623 1795 haec
1656 1754 1828 1808 quidem

117 1830 350 1880 curaturos,
383 1841 490 1880 quae
518 1826 607 1867 sine
634 1825 874 1867 eruditione
901 1825 1062 1867 Graeca
1093 1825 1285 1882 intellegi
1317 1841 1404 1867 non
1435 1829 1626 1880 possunt.
1682 1826 1826 1879 itaque

116 1914 164 1940 ea
200 1898 321 1939 nolui
359 1898 541 1939 scribere
581 1912 688 1951 quae
723 1912 799 1938 nec
833 1896 994 1938 indocti
1026 1897 1274 1952 intellegere
1306 1900 1483 1951 possent
1514 1911 1593 1938 nec
1625 1897 1739 1938 docti
1772 1896 1827 1937 le-

117 1985 213 2026 gere
253 1972 459 2010 curarent.
522 1968 653 2009 Vides
693 1971 832 2010 autem
874 1969 1018 2009 eadem
1058 1969 1166 2023 ipse3
1207 1968 1391 2009 didicisti
1431 1968 1542 2009 enim
1581 1982 1667 2009 non
1702 1981 1828 2022 posse

115 2056 192 2082 nos
232 2041 435 2081 Amafinii
474 2044 547 2081 aut
585 2040 749 2081 Rabirii
789 2040 949 2081 similes
988 2054 1097 2093 esse,
1140 2040 1213 2093 qui
1255 2040 1373 2081 nulla
1414 2042 1503 2081 arte
1545 2039 1736 2080 adhibita
1776 2038 1826 2079 de

236 2186 251 2215 1
281 2181 468 2216 occultare
494 2183 546 2219 θς
691 2180 785 2214 uelis
807 2181 1056 2226 Hieronymus
1082 2181 1272 2215 Walkerus
1296 2181 1336 2222 b‚·
1362 2182 1403 2223 cf
1423 2181 1510 2214 Tim.
1533 2184 1589 2222 2,6
1735 2191 1828 2224 opus

116 2241 294 2275 inagnum
314 2230 441 2264 Atbmr
603 2233 622 2261 2
650 2239 745 2272 quae
766 2229 823 2262 ‘ciel
844 2239 915 2272 que
937 2231 1012 2271 ΓΔ,
1041 2230 1114 2263 nisi
1133 2229 1228 2272 qaod
1248 2228 1312 2272 qui
1332 2240 1382 2272 pr
1402 2242 1421 2272 γ
1443 2239 1515 2271 quo
1537 2242 1557 2266 ς
1565 2242 1577 2270 ,·
1603 2228 1702 2271 quod
1724 2229 1797 2263 Asc
1815 2241 1829 2262 1

117 2277 205 2321 quia
224 2278 258 2311 ci
278 2277 482 2319 Daziisi·ns;
501 2275 615 2320 idque
637 2277 793 2311 Christro
814 2280 958 2311 ‹izcctore
980 2277 1079 2311 tbmr.
1108 2276 1150 2318 cf
1164 2275 1254 2310 Luc.
1271 2278 1373 2318 26,82
1396 2275 1461 2319 qui
1480 2287 1526 2310 ne
1546 2287 1644 2310 nunc
1665 2275 1830 2320 quidem,

117 2326 158 2360 de
178 2325 280 2359 domo
301 2328 380 2366 9,21
408 2323 472 2367 (1111
499 2323 537 2356 in
562 2323 643 2367 ipso
665 2323 816 2366 Catone,
843 2324 892 2358 ad
912 2324 987 2358 Ate.
1009 2336 1076 2357 xm
1098 2327 1178 2365 22,4
1204 2323 1345 2367 quippe
1372 2323 1435 2366 qui
1456 2324 1590 2358 omnia.
1628 2324 1669 2358 (le
1683 2324 1830 2368 plurali

116 2372 275 2415 conferre
301 2373 382 2406 licet
407 2372 552 2406 Lciceill.
573 2374 700 2413 40‚1‘26
728 2371 766 2404 id
789 2399 794 2404 .
818 2400 823 2404 .
849 2399 853 2404 .
876 2381 992 2414 quae,
1030 2372 1131 2406 Tusc.
1154 2384 1165 2404 1
1187 2374 1242 2413 3,6
1271 2370 1414 2415 aliquid
1438 2400 1442 2404 .
1467 2400 1471 2404 .
1496 2400 1501 2405 .
1523 2370 1607 2413 illa,
1636 2373 1678 2406 (le
1705 2376 1794 2406 orat.
1816 2384 1829 2404 1

117 2423 244 2462 52,226
272 2430 367 2463 quae
464 2418 534 2452 hoc
698 2418 797 2453 enim
825 2421 859 2452 Γ
886 2429 969 2452 611111
997 2422 1040 2461 Δ,
1068 2430 1124 2453 om
1151 2419 1224 2453 Asc
1244 2432 1254 2452 1
1450 2422 1468 2452 6
1496 2419 1596 2453 enim
1622 2422 1655 2452 Δ
1687 2429 1771 2452 eum
1799 2420 1834 2452 Γ

117 2467 214 2502 enim
242 2478 326 2500 eum
352 2478 396 2501 επ
416 2466 566 2501 Christii
590 2468 796 2501 coniectura
816 2467 968 2501 Halmio
989 2467 1148 2510 probata
1175 2466 1241 2500 bm.
1280 2467 1322 2509 cf
1334 2466 1571 2511 Symmachus
1593 2467 1693 2510 epist.
1715 2479 1727 2499 t
1749 2469 1828 2509 31,2

116 2526 204 2549 nam
223 2514 371 2549 facilius
392 2515 449 2548 est
470 2513 641 2549 ardentes
668 2513 819 2548 fauillas
846 2524 907 2548 ore
932 2514 1176 2559 comprimere
1203 2524 1314 2557 quam
1335 2513 1517 2548 luculenti
1537 2513 1659 2558 operis
1681 2523 1828 2547 seruare

118 2564 299 2596 secretum
423 2566 463 2595 11
489 2572 610 2596 uereor
628 2574 672 2596 ‘ne
691 2562 804 2604 fecerit
824 2572 908 2595 cum
929 2563 1006 2596 tam
1026 2561 1147 2595 multa
1272 2565 1313 2595 12
1338 2562 1407 2595 hoc
1429 2572 1545 2605 genus
1568 2575 1641 2606 νφγ
1663 2562 1734 2596 tbm

121 2613 162 2643 13
194 2610 266 2655 res]
299 2620 356 2643 ars
385 2622 406 2647 ς
431 2610 451 2643 b
459 2623 471 2651 ;
503 2609 612 2643 rebus
632 2621 704 2653 pro
730 2608 874 2643 artibus
900 2610 1099 2644 Bentleius
1151 2610 1194 2651 (ef
1213 2609 1254 2643 de
1280 2610 1356 2643 (liu.
1379 2622 1402 2642 11
1428 2612 1481 2650 1,3
1508 2610 1558 2643 iu.
1586 2621 1621 2643 ‘m
1646 2609 1696 2643 ad
1720 2609 1791 2643 uol.
1814 2621 1826 2642 1

113 2668 151 2700 p.
167 2660 293 2699 2543?
417 2661 459 2690 16
475 2656 555 2701 sed]
571 2658 608 2690 et
621 2657 767 2691 Bali-ms
780 2657 830 2691 ad
842 2658 928 2702 leyy.
939 2668 977 2701 p.
995 2660 1083 2699 305,·
1098 2657 1205 2701 ‘quae
1219 2657 1328 2691 enim'
1345 2657 1466 2700 inquit
1480 2657 1725 2691 ‘adiiciuntur
1738 2656 1829 2690 satis

119 2704 309 2738 ostendunt
328 2705 451 2738 omnia
470 2706 511 2738 in
522 2709 697 2749 promptu
710 2705 878 2739 habuisse
899 2705 1108 2744 Varronem,
1127 2715 1219 2749 quae
1236 2704 1446 2748 'responderi
1461 2715 1593 2738 necesse
1607 2704 1706 2738 esset’

122 2754 258 2784 16-—18
279 2751 379 2794 quod
398 2751 471 2784 ista
487 2779 492 2785 .
510 2779 516 2784 .
534 2780 539 2785 .
557 2751 723 2796 cogitaui
743 2752 800 2786 del
818 2751 1038 2794 Schuetzizis,
1060 2753 1168 2787 etiam
1188 2752 1253 2786 sed
1274 2762 1318 2785 ea
1334 2780 1338 2785 .
1358 2780 1363 2785 .
1382 2781 1387 2785 .
1403 2753 1579 2796 promptu
1597 2751 1825 2786 Goerenzius.

120 2798 204 2832 uide
223 2808 314 2841 quae
333 2799 444 2832 attuli
461 2799 510 2832 acl
524 2810 562 2842 p.
578 2802 647 2842 4‚3,
667 2801 749 2844 cfp.
766 2803 869 2842 37,20
982 2804 1024 2834 21
1046 2799 1115 2834 hoc
1132 2801 1164 2833 Γ
1175 2804 1322 2843 praeter
1342 2812 1415 2845 vv„
1430 2812 1451 2836 ς
1566 2802 1609 2832 22
1630 2799 1783 2843 possent
1800 2809 1829 2832 π

239 2860 282 2890 23
304 2855 405 2890 1101111
420 2859 454 2890 Γ
464 2863 609 2901 praeter
624 2870 738 2893 unum
751 2872 784 2903 γ,
795 2872 816 2892 κ
929 2860 1086 2903 possunt
1100 2872 1150 2903 γφ
1167 2860 1252 2902 (put
1265 2873 1286 2904 γ
1303 2860 1324 2892 ι’.
1340 2869 1366 2892 e.
1381 2858 1518 2903 posint,
1535 2863 1573 2892 iit
1586 2859 1627 2892 in
1641 2869 1698 2903 my
1710 2858 1825 2902 scrip-

120 2910 192 2939 tum
211 2908 275 2947 est)
417 2908 460 2938 24
475 2905 605 2938 eadem
620 2917 675 2940 om
688 2908 727 2940 θ.
755 2905 862 2940 uides
877 2908 1002 2940 autem
1016 2906 1096 2951 ipse
1112 2927 1154 2931 —-
1171 2905 1338 2940 didicisti
1353 2905 1452 2939 enim
1467 2905 1597 2940 eadem
1613 2926 1654 2930 -—
1672 2905 1829 2940 Christio

119 2956 264 2987 auctore
284 2956 307 2993 i,
333 2963 367 2986 u,
390 2962 422 2984 a.
449 2972 495 2976 —-
520 2951 651 2986 eadem
677 2952 777 2987 enim
802 2953 882 2997 ipse
903 2953 1070 2988 didicisti
1096 2975 1142 2978 —
1168 2965 1211 2987 61]
1231 2954 1388 2988 Dauisz'z'
1412 2954 1618 2987 conlectura
1638 2952 1715 2987 bmr
1737 2964 1771 2986 u.
1794 2962 1826 2985 a.

121 3021 164 3024 —
185 2998 352 3033 didicisti
373 2998 472 3032 enim
492 2999 622 3033 eadem
642 3000 723 3044 ipse
741 3019 789 3025 —
808 3002 842 3035 ci
860 3005 874 3035 t
895 3002 994 3044 (εἴη.
1014 3004 1071 3044 10)
1081 3015 1093 3043 ,·
1116 3012 1268 3044 quorum.
1283 3012 1343 3046 egyo
1358 3001 1578 3035 uehementer
1591 3000 1716 3034 dubito
1730 3001 1828 3043 quic-

120 3058 274 3091 quamne
293 3050 360 3081 aut
378 3047 423 3081 ab
444 3048 606 3081 oratione
624 3049 833 3091 requiratur
853 3052 917 3082 aiil
934 3049 980 3083 ab
993 3049 1189 3083 sententia:
1209 3048 1398 3092 Lycurgus
1420 3047 1551 3082 eadem
1571 3047 1670 3081 uidit
1689 3047 1765 3082 fere
1785 3047 1828 3081 de

120 3106 157 3130 re
170 3106 209 3139 p.
230 3107 257 3127 11
278 3097 393 3136 23‚42‚
415 3093 514 3138 quod
534 3093 634 3127 idem
654 3095 696 3128 tu
715 3094 871 3129 Lentule
892 3095 1023 3129 uidisti
1043 3096 1086 3130 de
1108 3096 1211 3129 domo
1233 3098 1356 3138 27,71‚-
1384 3095 1542 3130 ‘didicit'
1567 3099 1685 3129 (mitem
1708 3095 1829 3130 Cicero

121 3143 228 3177 etiam
247 3142 342 3176 illud
361 3142 456 3185 qaod
475 3143 529 3176 ait
544 3153 582 3185 p.
598 3145 677 3184 36,3
689 3153 734 3185 ss,
754 3142 824 3176 sibi
842 3144 962 3177 uerbis
980 3143 1089 3177 nouis
1107 3142 1281 3177 utendum
1379 3146 1423 3176 25
1443 3142 1618 3176 Amafinii
1633 3145 1685 3181 θς
1705 3142 1830 3175 ωἙΒᾸ111

121 3190 194 3232 fere
213 3190 319 3224 ceteri
335 3193 369 3223 ‚J
390 3194 421 3223 et
444 3191 476 3222 Γ
493 3188 644 3232 (ωἷ611111
666 3192 724 3234 φ),
743 3190 784 3232 cf
794 3201 830 3234 p.
848 3192 948 3232 36‚9;
969 3189 1195 3224 Amafinium
1216 3190 1301 3225 libri
1323 3194 1453 3224 uocant
1478 3190 1578 3224 Tzisc.
1600 3203 1635 3223 1v
1652 3193 1706 3233 3‚7
1727 3191 1827 3234 epist.

1499 3249 1544 3282 3*

1848 990 1880 1014 10

1850 1345 1882 1370 15

1849 1703 1882 1727 20

1849 2059 1882 2084 25
