2211 3653
318 873 349 895 111

320 1168 350 1191 15

324 2056 359 2080 30

333 2648 367 2670 -10

364 214 421 256 322
866 209 927 243 DE
956 207 1243 243 ACADEMICIS
1270 206 1567 242 TESTIMONIA

365 326 481 364 simul
515 337 559 361 ac
591 324 759 360 uenerit:
792 322 877 359 dati
910 321 1032 370 igitur
1063 321 1143 357 iam
1175 322 1266 357 sunt
1295 332 1365 357 nec
1392 319 1465 356 tibi
1491 319 1690 369 integrum
1717 321 1787 367 est,
1818 320 1887 356 hui
1914 319 1946 356 si
1971 320 2071 357 scias

366 387 515 434 quanto
554 382 728 432 periculo
767 384 846 418 tuo.
910 382 979 417 aut
1016 380 1183 416 fortasse
1220 379 1377 416 litterae
1415 391 1524 416 meae
1562 381 1601 416 te
1632 379 1904 425 retardarunt,
1943 379 1976 415 si
2008 391 2072 416 eas

366 443 539 481 nondum
571 443 721 492 legeras
753 453 841 477 cum
867 440 937 476 has
964 440 1162 487 proxima-s
1189 438 1393 485 scripsisti.
1452 438 1550 475 scire
1575 438 1701 488 igitur
1729 451 1827 476 aueo
1855 450 1931 487 quo
1957 438 2073 474 modo

366 516 428 540 res
461 515 500 539 se
535 502 688 539 habeat.

486 562 537 598 ml
569 559 739 597 Atticum
773 571 843 594 xm
870 559 965 603 44‚2
995 569 1065 594 xm
1097 557 1157 593 nel
1189 567 1245 592 xn
1276 556 1368 593 Kal.
1400 555 1500 593 Seoet.
1537 568 1582 593 er
1617 556 1834 594 Tusculano
1867 559 1910 594 tu
1942 558 2073 594 tamen

367 633 485 658 ausus
519 633 556 657 es
589 617 759 656 Varroni
791 617 900 655 dare:
928 618 1108 664 exspecto
1141 614 1237 664 quid
1268 614 1435 663 iudicet3
1468 614 1625 663 quando
1659 618 1791 653 autem
1822 614 2020 666 pelleget?

490 679 641 715 Tnscul.
669 678 766 724 disp.
793 689 821 713 11
852 677 916 723 2³4
950 688 1019 713 nos
1047 677 1180 712 autem
1206 674 1413 712 uniuersae
1440 674 1713 723 philosophiae
1739 674 2076 723 uituperatoribus

367 738 642 787 respondimus
673 737 713 773 in
738 735 966 783 Hortensio⁷
998 747 1069 783 pro
1096 733 1311 771 Academia
1338 732 1475 770 autem
1501 745 1604 782 quae
1631 733 1796 771 dicenda
1824 736 1954 771 essent
1979 733 2077 771 satis

370 799 554 835 accurate
589 797 627 833 in
662 794 907 833 Academicis
940 796 1135 843 quattuor
1165 792 1277 829 libris
1311 792 1509 841 explicata
1541 792 1793 830 arbitramur.

487 857 532 893 (le
570 859 647 893 nat.
687 856 788 892 deor.
822 867 832 890 1
868 856 960 902 5,ss
998 853 1065 901 qui
1105 854 1240 889 autem
1285 851 1535 889 admirantur
1579 864 1649 889 nos
1688 852 1787 890 hanc
1828 852 2078 901 potissimum

369 916 616 964 disciplinam
659 917 831 961 secutos,
874 913 934 949 his
973 914 1168 961 quattuor
1199 910 1447 948 Academicis
1478 911 1591 948 libris
1623 911 1721 949 satis
1753 924 1986 960 responsum
2018 912 2078 949 ui-

369 976 487 1013 detur
515 1007 520 1012 .
544 1006 550 1012 .
574 1006 579 1011 .
616 969 646 993 12
674 1005 680 1011 .
704 1005 710 1011 .
735 1005 740 1010 .
768 985 837 1009 nec
870 975 1003 1009 tamen
1030 970 1114 1007 fieri
1140 972 1274 1019 potest
1300 972 1346 1007 ut
1373 971 1441 1019 qui
1468 971 1540 1007 hac
1566 972 1722 1008 ratione
1750 971 2081 1019 philosophentur

370 1035 410 1071 hi
449 1034 547 1071 nihil
586 1033 759 1070 habeant
798 1031 901 1080 quod
942 1033 1172 1080 sequantur.
1235 1029 1387 1067 dictum
1430 1032 1488 1067 est
1531 1030 1690 1068 omnino
1729 1029 1775 1067 de
1815 1030 1886 1067 hac
1926 1043 1967 1068 re
2001 1030 2080 1068 alio

372 1095 457 1131 loco
491 1092 736 1142 diligentius.
766 1122 802 1128 ..

490 1153 535 1190 (Ic
561 1153 682 1189 dium.
712 1164 736 1187 11
770 1152 824 1197 171
860 1148 967 1199 quod
993 1160 1117 1199 genus
1143 1148 1450 1197 philosophandi
1476 1148 1637 1186 minime
1664 1149 1862 1198 adrogans
1894 1149 2081 1186 maxime-

373 1225 449 1261 que
477 1214 517 1249 et
543 1214 726 1249 constans
754 1212 793 1247 et
820 1209 980 1258 elegans
1007 1207 1294 1245 arbitraremur
1321 1209 1514 1256 quattuor
1540 1208 1786 1245 Academicis
1812 1208 1925 1245 libris
1952 1210 2081 1246 osten-

376 1272 517 1308 dimus.

492 1331 537 1367 cle
563 1331 662 1376 offic.
691 1341 719 1365 11
748 1329 810 1376 25
847 1326 1066 1364 occurritur
1093 1327 1224 1363 antem
1252 1326 1364 1364 nobis
1392 1328 1430 1363 et
1458 1326 1621 1375 quidem
1647 1340 1669 1364 a
1695 1327 1822 1364 doctis
1850 1329 1890 1364 et
1916 1326 2083 1364 eruditis

374 1388 656 1439 quaerentibus
695 1387 842 1425 satisne
881 1387 1109 1423 constanter
1147 1385 1275 1422 facere
1314 1385 1524 1423 uideamur
1563 1386 1629 1434 qui
1668 1399 1757 1423 cum
1797 1386 1946 1435 percipi
1984 1385 2084 1422 nihil

321 1466 335 1488 2·
374 1461 486 1498 posse
520 1448 694 1485 dicamus
732 1449 866 1484 tamen
907 1447 946 1482 et
985 1444 1074 1482 aliis
1113 1444 1160 1481 de
1198 1445 1316 1482 rebus
1348 1444 1540 1482 disserere
1580 1445 1776 1483 soleamus
1816 1448 1854 1483 et
1893 1445 1965 1482 hoc
1998 1445 2083 1494 ipso

375 1512 551 1557 tempore
584 1507 796 1556 praecepta
829 1504 948 1542 officii
981 1516 1273 1553 persequamur.
1327 1503 1472 1553 quibus
1499 1503 1643 1542 uellem
1670 1505 1767 1542 satis
1793 1504 1954 1555 cognita
1982 1507 2085 1542 esset

375 1570 512 1605 nostra
543 1565 750 1604 sententia.
808 1578 883 1602 non
920 1564 1023 1601 enim
1056 1575 1189 1600 sumus
1221 1563 1251 1600 ii
1281 1576 1449 1611 quorum
1476 1565 1649 1613 uagetur
1675 1565 1831 1601 animus
1857 1576 1987 1601 errore
2014 1576 2085 1601 nec

375 1627 520 1664 habeat
558 1638 745 1674 umquam
785 1624 881 1673 quid
920 1624 1121 1672 sequatur.
1189 1636 1291 1671 quae
1331 1622 1435 1660 enim
1475 1625 1578 1660 esset
1615 1625 1692 1660 ista
1731 1635 1841 1660 mens
1879 1623 1943 1660 uel
1983 1636 2085 1672 quae

375 1688 459 1723 uita
491 1686 625 1734 potius
658 1697 734 1722 non
768 1683 882 1721 modo
915 1682 1148 1731 disputandi
1181 1681 1249 1719 sed
1281 1684 1402 1719 etiam
1428 1682 1594 1719 uiuendi
1619 1682 1773 1720 ratione
1800 1681 1985 1720 sublata?
2016 1694 2087 1720 nos

323 1747 525 1792 1ῑο1110111,
565 1747 608 1781 ut
647 1745 767 1781 ceteri
807 1743 886 1780 alia
925 1744 1033 1779 certa
1072 1741 1151 1778 alia
1183 1743 1334 1779 incerta
1367 1754 1449 1779 esse
1482 1741 1636 1790 dicunt,
1678 1742 1732 1779 sic
1765 1742 1812 1779 ab
1846 1742 1906 1779 his
1938 1741 2086 1780 dissen-

377 1805 520 1842 tientes
554 1804 631 1840 alia
665 1802 902 1851 probabilia,
942 1803 1080 1839 contra
1113 1801 1191 1837 alia
1225 1801 1402 1838 dicimus.
1466 1796 1482 1820 3
1510 1801 1604 1849 quid
1637 1803 1697 1838 est
1728 1801 1853 1851 igitur
1886 1801 1991 1850 quod
2027 1814 2087 1838 me

376 1863 568 1912 impediat
601 1876 646 1900 011
679 1875 779 1910 quae
805 1861 1030 1910 probabilia
1056 1860 1153 1897 mihi
1180 1860 1395 1898 uideantur
1421 1860 1546 1909 sequi,
1580 1874 1678 1909 quae
1705 1863 1841 1899 contra
1868 1860 2088 1909 inprobare,

377 1925 497 1972 atque
537 1921 769 1959 adfirmandi
809 1920 1081 1971 arrogantiam
1118 1919 1313 1957 uitantem
1345 1920 1481 1969 fugere
1514 1921 1798 1968 temeritatem,
1839 1933 1940 1969 quae
1973 1932 1996 1956 a
2028 1932 2088 1957 sa-

377 1983 528 2031 pientia
572 1981 737 2018 dissidet
777 1980 1003 2029 plurimnm.
1068 1982 1205 2017 contra
1247 1981 1380 2016 autem
1422 1979 1555 2016 omnia
1597 1980 1828 2028 disputatur
1868 1992 1891 2016 a
1932 1979 2089 2026 nostris,

380 2041 485 2090 quod
519 2042 589 2077 hoc
623 2040 752 2089 ipsum
785 2039 989 2089 probabile
1023 2040 1174 2077 elucere
1208 2051 1285 2075 non
1318 2041 1451 2087 posset
1480 2038 1555 2076 nisi
1588 2052 1633 2076 ex
1659 2041 1831 2088 utraque
1859 2042 1971 2087 parte
1999 2050 2089 2076 cau-

379 2114 511 2137 sarum
539 2102 641 2137 esset
667 2101 774 2137 facta
800 2099 1012 2136 contentio.
1071 2098 1137 2135 sed
1170 2098 1265 2135 haec
1299 2097 1510 2146 explanata
1544 2101 1636 2135 sunt
1664 2099 1703 2134 111
1730 2097 1975 2135 Academicis
2002 2110 2088 2135 nos-

379 2160 452 2197 tris
484 2160 580 2196 satis
614 2162 657 2196 ut
690 2159 864 2196 arbitror
897 2158 1121 2207 diligenter.

498 2220 549 2255 ad
581 2217 751 2255 Attivnm
785 2231 853 2255 xm
890 2220 984 2266 2173
1020 2230 1060 2255 1v
1092 2218 1141 2254 Is.
1174 2219 1273 2253 Seaet.
1307 2215 1455 2253 Astura
1496 2229 1598 2254 nunc
1637 2216 1686 2254 ad
1724 2230 1805 2253 rem
1844 2219 1889 2253 ut
1921 2215 2091 2263 redeam,

382 2278 557 2315 inhibere
590 2278 689 2314 illud
722 2280 845 2325 11111111,
880 2277 986 2325 quod
1012 2276 1130 2313 ualde
1157 2276 1254 2313 mihi
1281 2276 1485 2320 adriserat,
1519 2276 1774 2313 uehementer
1799 2275 1999 2325 displicet3
2032 2278 2091 2313 est

328 2352 357 2375 :zf
383 2338 487 2374 enim
521 2337 681 2374 uerbum
715 2339 843 2374 totum
876 2337 1094 2374 nauticum.
1152 2347 1393 2384 quamquam
1426 2335 1466 2373 id
1494 2335 1653 2384 quidem
1681 2335 1863 2383 sciebam⁷
1897 2334 1962 2372 sed
1990 2334 2092 2372 arbi-

383 2397 518 2433 trabar
556 2396 741 2433 sustineri
781 2408 908 2433 remos
947 2408 1036 2433 cum
1075 2395 1252 2432 inhibere
1293 2397 1422 2432 essent
1454 2394 1622 2445 remiges
1655 2395 1763 2431 iussi.
1826 2395 1865 2432 id
1899 2407 1975 2431 non
2009 2406 2091 2431 esse

384 2457 467 2492 eius
506 2455 610 2492 modi
649 2455 767 2492 didici
807 2456 889 2492 heri
928 2469 1016 2492 011111
1054 2454 1102 2491 ad
1143 2453 1280 2491 uillam
1320 2456 1496 2491 nostram
1530 2454 1643 2491 nauis
1677 2454 1952 2502 appelleretur.
2014 2465 2091 2489 non

385 2516 487 2551 enim
521 2515 717 2551 sustinent
750 2515 814 2551 sed
850 2514 928 2552 alio
962 2513 1076 2551 modo
1109 2513 1325 2563 remigant3
1364 2513 1402 2549 id
1444 2513 1491 2550 ab
1531 2512 1649 2566 ἐποχῇ
1682 2512 1990 2550 remotissimum
2023 2514 2092 2549 est.

385 2586 505 2622 quare
546 2575 665 2610 facies
704 2576 747 2610 ut
786 2575 844 2611 ita
883 2574 934 2610 sit
973 2575 1013 2610 in
1050 2573 1151 2610 libro
1184 2585 1302 2622 quem
1335 2571 1385 2608 ad
1417 2572 1577 2609 modum
1610 2573 1705 2619 fuit3
1747 2571 1851 2609 dices
1882 2571 1955 2609 hoc
1987 2570 2093 2608 idem

387 2633 573 2681 Varroni.
614 2632 643 2669 si
687 2635 784 2669 forte
816 2634 998 2670 mutauit.
1062 2645 1132 2669 nec
1165 2634 1224 2669 est
1256 2631 1396 2668 melius
1430 2632 1639 2680 quicquam
1673 2643 1791 2679 quam
1822 2632 1867 2668 ut
1899 2630 2093 2667 Lucilius:

387 2688 598 2729 ‘sustineas
643 2705 799 2728 currum
842 2694 885 2729 ut
923 2692 1049 2730 bonus
1088 2704 1202 2740 saepe
1241 2690 1417 2741 agitator
1455 2687 1688 2739 equosque’;
1733 2703 1962 2739 semperque
2002 2690 2093 2726 Gar-

388 2751 531 2787 neades
557 2750 757 2801 προβολὴν
788 2751 933 2801 pugilis
965 2753 1004 2787 et
1036 2751 1298 2788 retentionem
1331 2750 1493 2799 aurigae
1527 2749 1696 2787 similem
1730 2747 1979 2802 111011ἕποχῇ.
2036 2748 2092 2784 in-

388 2810 529 2847 hibitio
569 2812 702 2847 antem
734 2811 926 2859 remigum
964 2812 1112 2847 motum
1144 2809 1265 2846 habet
1298 2811 1336 2846 et
1368 2809 1702 2846 uehementiorem
1736 2808 1896 2858 quidem
1927 2807 2093 2856 remiga-

507 2940 526 2967 2
555 2935 600 2979 si]
628 2935 692 2968 sed
717 2937 914 2969 Manutius
934 2935 1003 2969 etsi
1024 2936 1195 2969 Klotzizcs
1220 2934 1364 2968 scilicet
1383 2935 1602 2968 Seh'midlz'as
1616 2935 1742 2978 philol.
1767 2946 1837 2966 nvn
1861 2936 1926 2966 188
1953 2931 2024 2965 nisi
2053 2944 2093 2964 m.

389 2983 433 3015 ‘sc'
463 2994 559 3015 'meus
590 2983 745 3022 litteras,
778 2994 854 3015 eum
883 2983 948 3016 has
968 2984 1160 3026 praesumas
1184 2983 1373 3026 scripsisti,
1401 2982 1561 3016 nondum
1587 2983 1738 3026 legeras,
1773 2981 1918 3024 scriptis
1942 2984 1974 3013 et
1999 2979 2096 3013 datis

389 3030 464 3063 illis
478 3031 658 3072 prom'mss·
678 3031 830 3071 fortasse
851 3041 946 3064 meae
966 3031 1050 3064 illae
1071 3031 1205 3064 allatae
1225 3034 1256 3064 ct
1277 3030 1384 3064 lectae
1405 3034 1435 3063 te
1454 3029 1702 3064 retardarunt’
1831 3031 1874 3060 36
1895 3028 1936 3068 cf
1951 3026 2093 3060 Lucull.

393 3080 504 3116 ls‚:'›9.
529 3080 653 3118 32,104
819 3080 862 3110 40
894 3076 1052 3109 Lucilius
1083 3078 1301 3121 Malaspina
1324 3076 1495 3111 Oswmus
1520 3077 1618 3110 ακηαῑ.
1636 3088 1674 3120 p.
1699 3080 1740 3109 15
1764 3077 1814 3117 (a.
1840 3077 1926 3107 1305
1952 3074 2094 3109 Marx.)

392 3122 566 3203 Lucilillus
592 3125 682 3157 codd
873 3129 914 3157 41
952 3124 1135 3158 sustineas
1164 3125 1368 3158 Lambinus
1393 3135 1470 3158 cnm
1499 3124 1627 3165 codice,
1649 3135 1698 3167 221·
1728 3124 1773 3157 M
1796 3123 1865 3155 «at
1890 3125 1955 3155 cert

392 3173 435 3202 42
488 3172 606 3204 ,ιιι-1111.
634 3175 729 3210 15,;”1ῖ
