2211 3653
854 187 918 222 DE
945 187 1133 223 CATVLO
1785 191 1841 233 63

257 307 349 350 DE
355 354 358 357 .
380 307 578 351 GATVL
586 307 620 351 Ο
651 307 904 350 INDICIA
936 308 1029 350 EX
1059 309 1098 350 L
1107 308 1301 351 VCVLL
1309 308 1343 352 O
1373 310 1465 351 EX
1469 308 1714 352 CERPTA

832 389 1144 434 CERTIORA

250 490 315 537 3‚9
350 489 391 526 in
423 488 673 527 Hortensii
714 489 813 526 uilla
846 501 946 538 quae
978 490 1038 527 est
1070 488 1119 526 ad
1150 489 1316 539 Baulos,
1359 502 1446 528 cum
1485 503 1529 528 eo
1563 490 1763 529 Catulus
1802 494 1842 530 et
1879 506 1894 531 ³

129 548 359 586 Lucullus
403 559 585 596 nosque
630 549 725 597 ipsi
769 547 960 597 postridie
1003 549 1243 587 uenissemus
1289 562 1407 598 quam
1452 550 1574 598 apud
1622 550 1841 588 Catulum

128 609 348 646 fuissemus.
412 609 455 654 cf
476 608 602 655 25,80
631 607 764 645 Catuli
797 607 1071 652 Cumanum,
1103 608 1350 656 Auyustsinus
1376 621 1404 646 c.
1432 608 1555 647 Acad.
1582 622 1626 647 111
1650 611 1772 658 16‚35

971 685 995 711 bk

247 751 340 798 4,11
378 749 446 787 isti
478 749 595 787 libri
621 749 711 787 duo
737 749 973 796 Philonis,
1006 749 1053 787 de
1080 749 1222 798 quibus
1249 750 1335 787 heri
1359 750 1508 788 dictum
1536 764 1559 789 a
1587 750 1755 790 Catulo
1782 753 1841 790 est
1878 765 1894 790 6

247 810 343 857 4,12
372 809 443 846 illa
469 808 570 846 dixit
595 808 814 846 Antiochus
842 821 942 858 quae
968 808 1054 845 heri
1081 807 1279 847 Catulus
1306 812 1629 848 commemorauit
1656 824 1677 848 a
1704 818 1839 861 patre
1878 826 1892 850 τ

127 881 209 906 suo
242 868 370 906 dicta
402 868 594 906 Philoni

249 928 343 975 7,18
377 927 514 965 Philo
554 930 687 964 autem
726 927 818 964 dum
858 940 962 965 noua
1002 927 1194 975 quaedam
1233 931 1454 966 commouet
1480 958 1488 965 .
1516 960 1523 966 .
1555 958 1563 965 .
1603 932 1642 966 et
1681 931 1846 977 aperte
1884 943 1899 968 9

126 988 376 1035 mentitur,
421 989 466 1024 ut
509 990 568 1024 est
611 986 928 1035 reprehensus
968 999 990 1023 a
1027 989 1162 1035 patre
1202 985 1392 1035 Catulo,
1438 990 1476 1024 et
1612 989 1656 1035 cf
1676 990 1770 1035 4,12
1805 990 1839 1025 is

127 1045 301 1094 (Philo)
335 1047 404 1095 qui
435 1047 531 1083 ista
564 1058 664 1095 quae
695 1047 789 1083 sunt
819 1045 904 1083 heri
937 1045 1097 1084 defensa
1129 1048 1272 1095 negat
1303 1046 1612 1084 Academicos
1649 1048 1838 1085 omnino

126 1106 296 1144 dicere.
360 1106 434 1143 etsi
466 1106 569 1142 enim
601 1106 920 1143 mentitur...

968 1172 992 1198 21<

248 1236 372 1283 10,32
410 1235 552 1273 uolunt
596 1236 700 1273 enim
738 1257 795 1261 --
834 1237 873 1273 et
916 1231 993 1273 hoc
1038 1236 1195 1284 quidem
1240 1236 1305 1273 uel
1343 1236 1512 1274 maxime
1549 1249 1620 1274 uos
1662 1236 1837 1274 animad-
1859 1251 1892 1276 13

126 1295 329 1332 uertebam
361 1296 513 1332 moueri
550 1316 594 1320 ——
633 1294 889 1344 probabile
921 1295 1074 1344 aliquid
1107 1307 1188 1333 esse
1221 1299 1260 1333 et
1290 1297 1396 1333 ueri
1427 1297 1603 1343 simile,
1643 1309 1765 1345 eaque
1798 1308 1838 1334 se

125 1355 184 1392 uti
216 1354 384 1405 regula
416 1356 455 1392 et
486 1355 533 1391 in
566 1354 748 1404 agenda
780 1355 884 1391 uita
917 1358 954 1392 et
986 1356 1031 1391 in
1069 1354 1341 1403 quaerendo
1376 1367 1427 1393 ac
1463 1355 1748 1394 disserendo.
1801 1357 1846 1404 ef

124 1413 248 1451 Aead.
276 1425 305 1450 11
323 1426 366 1462 p.
388 1414 482 1462 59,9
496 1425 535 1451 ss
560 1414 715 1452 Lucum.
746 1415 1001 1462 11‚33—36.
1033 1415 1157 1462 17‚54

246 1473 372 1520 18‚60
399 1472 688 1511 Carneadem
794 1474 914 1510 etiam
940 1474 1025 1510 heri
1051 1473 1306 1511 audiebamus
1333 1474 1495 1512 solitum
1525 1486 1607 1512 esse
1634 1486 1674 1512 eo
1706 1474 1837 1512 delabi
1858 1489 1890 1513 17

123 1532 364 1570 interdum
395 1534 443 1569 ut
474 1532 656 1570 diceret
683 1534 993 1582 opinaturum
1018 1533 1058 1569 id
1086 1535 1145 1571 est
1169 1536 1424 1582 peccaturum
1451 1545 1532 1572 esse
1560 1534 1836 1583 sapientem.

125 1592 169 1639 ef
191 1593 328 1640 21,67.
364 1592 501 1639 24,78.
537 1593 704 1640 35‚112.
739 1592 894 1640 48‚148
929 1591 1159 1639 (Catulusff
1200 1592 1249 1630 ad
1281 1593 1434 1641 patris
1466 1593 1651 1631 reuoluor
1683 1595 1837 1631 senten-

123 1651 242 1698 tiam,
274 1664 393 1700 quam
425 1651 584 1700 quidem
614 1651 682 1688 ille
716 1650 1035 1689 Carneadeam
1073 1663 1155 1689 8888
1193 1651 1366 1701 dicebat,
1404 1655 1450 1690 ut
1488 1653 1672 1701 percipi
1713 1652 1837 1690 nihil

123 1712 258 1759 putem
290 1723 446 1759 posse,
479 1710 788 1748 adsensurum
823 1713 955 1749 autem
987 1723 1078 1748 non
1109 1713 1336 1761 percepto
1368 1711 1408 1749 id
1442 1715 1500 1750 est
1529 1712 1836 1760 opinaturum

124 1770 389 1819 sapientem
422 1771 670 1819 existumem,
704 1770 770 1807 sed
800 1771 858 1808 ita
883 1773 928 1808 ut
954 1770 1217 1820 intellegat
1243 1783 1288 1809 se
1315 1773 1506 1819 opinari
1533 1773 1709 1820 sciatque
1735 1772 1836 1809 nihil

123 1841 205 1867 esse
238 1829 341 1878 quod
373 1829 649 1878 comprehendi
682 1842 727 1867 ac
759 1831 909 1879 percipi
940 1832 1078 1879 possit.

965 1908 989 1934 tie

244 1973 341 2019 4‚10
382 1971 545 2010 Catulus
578 1972 691 2010 «Etsi
727 1972 813 2010 heri
840 2003 875 2009 ..
909 1972 950 2009 id
989 1972 1093 2021 quod
1133 1972 1395 2021 quaerebatur
1432 1986 1555 2022 paene
1595 1974 1834 2023 explicatum
1854 1987 1889 2012 24

123 2033 274 2068 est...
307 2034 440 2069 tamen
477 2034 658 2081 exspecto
700 2044 746 2069 ea
785 2044 884 2080 quae
922 2035 961 2070 te
992 2032 1195 2081 pollicitus
1235 2044 1273 2070 es
1306 2032 1470 2070 Luculle
1511 2033 1560 2070 ab
1595 2033 1833 2071 Antiocho

122 2089 260 2127 audita
286 2090 517 2128 dicturum.»
563 2091 804 2140 «Equidem»
830 2092 962 2140 inquit
981 2091 1269 2129 Hortensius
1292 2092 1390 2129 «feci
1408 2093 1497 2141 plus
1525 2105 1643 2141 quam
1668 2092 1833 2142 uellem3

154 2180 188 2186 ..
217 2162 240 2186 a
271 2162 338 2187 me
367 2163 482 2188 ..ea
515 2163 632 2200 quae
664 2152 711 2187 in
744 2153 966 2199 promptu
999 2153 1135 2188 erant
1167 2151 1297 2188 dicta
1329 2154 1524 2189 sunt...
1912 2160 1919 2179 ¹

243 2210 337 2256 9‚28
377 2209 607 2258 postulabat
644 2209 932 2247 Hortensius
976 2212 1021 2247 ut
1060 2210 1101 2247 id
1138 2211 1269 2260 ipsum
1307 2211 1447 2248 saltem
1490 2213 1768 2261 perceptum
1811 2224 1887 2251 a28

122 2269 339 2317 sapiente
372 2268 571 2316 diceretis,
602 2269 726 2306 nihil
759 2281 895 2318 posse
927 2270 1113 2320 percipi

964 2354 988 2380 0³<

114 2451 153 2485 p.
177 2443 303 2481 377,13
327 2441 374 2476 K.
400 2441 494 2487 figor
521 2441 695 2486 ambigue
716 2441 926 2476 declinatur
946 2441 1045 2486 apud
1065 2443 1209 2476 ueteres
1230 2444 1397 2486 tempore
1417 2442 1600 2487 perfect03
1626 2443 1831 2487 reperimus

122 2487 220 2521 enim
246 2488 353 2523 fictus
381 2490 418 2523 et
436 2489 545 2523 fixus:
575 2488 731 2524 Scaurus
759 2490 804 2524 de
826 2490 908 2524 uita
937 2501 1004 2524 sua
1031 2489 1211 2534 ‘sagittis’
1240 2490 1364 2534 inquit
1391 2491 1614 2534 ‘confictus’,
1639 2491 1756 2525 Varro
1784 2491 1831 2525 ad

123 2533 335 2570 Ciceronem
361 2537 473 2571 tertio
496 2536 651 2580 ‘fixum’‚
673 2539 711 2572 et
731 2537 858 2572 Cicero
878 2536 1165 2572 Academiarum
1187 2539 1254 2579 (sic
1273 2537 1409 2573 codices
1428 2538 1639 2572 Nmicarum
1658 2539 1832 2574 editiones

123 2583 375 2627 interpolatae,
401 2588 415 2618 t
449 2584 659 2619 oemicomm
692 2586 839 2620 Keiliiis
865 2586 957 2628 bmr)
991 2584 1102 2619 tertio
1129 2584 1276 2619 malcho
1304 2585 1342 2619 in
1369 2596 1482 2629 opera
1508 2586 1643 2619 adfixa’
1675 2587 1712 2620 et
1741 2586 1831 2620 Ver-

123 2628 234 2672 gilius
262 2631 368 2672 (Aen.
396 2644 432 2665 1v
455 2635 514 2675 15)
550 2632 597 2666 ‘si
622 2632 715 2666 mihi
742 2643 816 2666 non
843 2634 966 2666 animo
1000 2632 1125 2666 fixum'
1322 2633 1497 2668 adscribit
1524 2634 1670 2668 Keilius
1703 2633 1831 2667 ‘fixum

123 2676 219 2712 dixit
240 2677 358 2713 Cicero
379 2680 419 2714 in
439 2679 595 2715 Lucullo
617 2683 708 2722 9‚27‚
729 2680 864 2714 stabile
884 2680 997 2714 fixum
1017 2681 1139 2714 ratum
1160 2690 1239 2714 esse
1261 2680 1416 2723 debeat;
1432 2709 1437 2714 .
1455 2709 1461 2714 .
1479 2708 1485 2715 .
1500 2682 1622 2724 itaque
1641 2682 1827 2715 Zacwnam'

124 2725 224 2766 (arete
243 2725 404 2770 malcho)
433 2727 626 2762 ‘indicaui
654 2739 738 2762 nam
760 2739 802 2762 ea
822 2739 913 2772 quae
932 2732 1101 2762 secuntur
1121 2738 1165 2762 ex
1190 2728 1264 2762 alio
1289 2729 1477 2772 scriptore,
1501 2730 1606 2763 cuius
1624 2739 1754 2763 women
1772 2729 1831 2763 uel

122 2771 256 2806 eoeciclz't
280 2774 337 2807 uel
361 2773 402 2806 iri
427 2779 594 2819 corrupto
620 2776 797 2810 uocabulo
823 2774 970 2809 malcho
999 2803 1004 2808 .
1028 2803 1034 2809 .
1058 2803 1064 2808 .
1087 2776 1182 2818 latet,
1209 2776 1322 2810 citata
1348 2787 1420 2810 esse
1445 2776 1645 2810 uidentur&
1693 2775 1829 2810 malleo

123 2822 155 2853 et
179 2828 288 2862 opere
313 2820 519 2856 hariolatur
542 2834 573 2864 r,
598 2823 691 2857 idem
717 2835 740 2857 a
766 2823 942 2858 Diomede
961 2822 1236 2857 Varronianum
1261 2824 1461 2867 exemplum
1486 2834 1566 2857 cum
1591 2823 1829 2858 Cicerom'ano

116 2870 364 2909 permutatum
388 2870 594 2912 suspicatus
761 2871 985 2905 Incertum
1011 2871 1177 2905 adscribo
1202 2870 1286 2904 hoc:
1312 2871 1461 2905 Nonius
1480 2882 1518 2914 p.
1541 2873 1609 2904 433
1637 2881 1764 2905 sensus
1792 2872 1830 2904 et

123 2922 230 2946 sensa
255 2913 326 2947 hoc
352 2917 580 2958 separantur.
633 2927 760 2951 sensus
788 2917 886 2951 enim
912 2918 998 2951 sunt
1024 2917 1088 2961 qui
1121 2917 1303 2960 sentiunt,
1337 2928 1445 2951 sensa
1476 2928 1572 2961 quae
1605 2917 1828 2952 sentiuntur.

123 2959 248 2994 Cicero
276 2960 321 2994 de
342 2963 486 2996 oratore
511 2965 539 3005 (1
559 2967 655 3008 8‚32)
686 2965 738 2998 ‘et
764 2964 865 3008 quod
892 2964 1096 3009 exprimere
1122 2964 1280 2999 dicendo
1307 2975 1414 2999 sensa
1436 2976 1632 3009 possumus
1654 2977 1719 2999 *ιιι*
1740 2976 1829 2999 nam

120 3007 282 3051 primum
308 3008 546 3043 manifestum
572 3013 629 3045 est
656 3013 693 3046 et
718 3022 848 3056 sapere
873 3023 940 3046 nos
961 3023 1045 3046 cum
1064 3011 1236 3046 incitatio
1257 3012 1305 3046 sit
1324 3011 1386 3046 uel
1406 3012 1548 3047 sensus’
1560 3026 1572 3055 ,·
1590 3013 1724 3047 scilicet
1742 3013 1829 3048 haec

116 3057 319 3099 posteriora
351 3067 431 3091 eum
463 3057 619 3092 eiusdem
652 3059 834 3094 Ciceronis
865 3071 935 3094 esse
966 3061 1173 3104 suspicatus
1202 3061 1251 3094 sit
1276 3060 1434 3095 Rothius
1462 3061 1621 3095 conicias
1647 3061 1761 3103 fuisse
1786 3061 1828 3094 in

121 3103 359 3138 Academicis.
403 3105 511 3149 peryi
531 3106 652 3148 potuit
676 3105 738 3140 uel
762 3106 915 3149 mentis,
943 3108 980 3140 et
1012 3117 1122 3151 agere
1155 3106 1299 3150 aliquid
1331 3118 1412 3140 cum
1448 3107 1591 3141 animus
1623 3109 1745 3142 motus
1779 3107 1829 3142 sit

122 3149 168 3183 ad
196 3150 468 3194 appetendum;
492 3153 534 3195 cf
546 3153 692 3187 Lucull.
714 3156 804 3195 824.
827 3157 940 3197 1030.
963 3157 1066 3197 11,34
